2936 4902
564 321 604 330 -
654 275 779 347 ιτ-γ

85 452 268 524 terpretatus
298 447 333 508 de
363 467 421 527 quo
452 451 566 528 agimus
599 447 774 527 opusculum
805 446 888 507 libris
912 446 1028 509 duobus
1053 441 1168 531 (nvp.
1196 447 1254 509 1-

88 538 241 628 1731t):
233 564 263 605 ιο
280 545 379 606 Sabini
399 566 471 607 uero
491 548 703 608 commentario
723 565 758 606 ex
760 553 822 606 tare
843 545 929 608 haec:
949 537 1105 629 οὔτεγὰρ
1119 540 1258 628 πάμπαν

83 634 164 721 άίρα
188 637 273 722 λέγω
297 635 357 705 τὸν
381 636 581 725 άνθρωπου,
586 634 720 765 ῶσπερ
741 634 968 724 Ἀναξιμένης,
997 635 1074 706 οὔτε
1096 637 1236 728 ddmp‘
1215 668 1259 719 ως
1337 625 1387 702 s

85 738 206 820 Θάλης,
222 761 299 803 ουτε
313 762 377 821 γην
393 733 485 815 ωςέν
500 763 565 804 τινι
581 738 778 823 Ηενοφανης
793 736 898 826 (XVp
915 738 980 826 25).
1006 747 1100 824 carpit
1088 744 1257 806 tSabinum
1302 770 1307 802 ι

84 835 211 900 Galenus
240 826 432 918 insocl'ntius,
458 829 489 902 id
519 840 597 920 quod
626 836 662 900 ab
691 843 756 903 eius
785 859 867 902 more
891 860 949 902 non
974 841 1122 904 abhorret.
1147 845 1256 904 etenim

84 955 152 997 curn
175 957 272 1018 neque
296 941 391 1019 ipsius
406 939 595 1020 Xenophanis
615 958 706 1000 uersu
727 959 824 1019 neque
843 941 1042 1024 Theophrasti
1060 939 1258 1020 Opinionibus

83 1036 213 1115 physicis
236 1038 309 1098 haec
329 1042 475 1099 sententia
496 1037 716 1120 comprobetur,
739 1039 874 1100 consulto
894 1043 1052 1102 mentitum
1072 1059 1138 1100 esse
1158 1040 1258 1119 sophi-

83 1144 160 1194 starn
183 1138 368 1197 conuiciatur
392 1129 491 1218 (ἀλλὰ
514 1131 569 1202 καὶ
594 1127 611 1198 ὁ
636 1136 793 1252 Σαβίνρς
814 1129 914 1251 opinor
942 1130 1083 1217 εόθηλός
1110 1132 1200 1199 ἐστιν
1223 1132 1259 1197 ἐν

81 1229 151 1293 τῶν
179 1225 283 1294 αὑτοῦ
311 1229 617 1315 καταψευδόμενος,
651 1225 712 1316 οὐχ
739 1225 793 1296 ὑπ’
824 1227 962 1316 ἀγνοίας
991 1225 1257 1317 ἐσφαλμένος,Ἃ
1237 1257 1258 1315 η

82 1323 215 1404 πάντας
242 1321 285 1392 άν
310 1325 470 1414 ὀνομαστὶ
493 1329 704 1448 προσέγραφε
730 1327 767 1395 τὸ
792 1331 964 1414 βιβλίονέ
963 1356 984 1395 ν
1008 1319 1034 1420 ᾧ
1058 1331 1161 1396 ταῦτα
1184 1324 1258 1394 άπε-

81 1420 255 1508 φήνατο.
272 1424 353 1492 ,καὶ
360 1421 590 1554 Θεόφραστος
613 1421 681 1493 rl’'¹
661 1452 705 1498 αν
729 1428 765 1494 ἐν
788 1439 860 1505 ταίς
882 1431 949 1494 τῶν
973 1431 1125 1513 φυσικῶν
1150 1428 1259 1506 δοξῶν

82 1520 309 1615 ἐπιτομαίς
275 1548 336 1608 την
355 1526 572 1612 Ξενοφάνους
590 1522 743 1610 odiant
728 1532 819 1613 είπερ
840 1523 946 1604 οὕτως
965 1523 1062 1611 εἶχεν,
1083 1523 1272 1611 ἐγεγράφειἸ

80 1644 109 1704 p.
135 1619 200 1705 25).
225 1628 302 1704 quod
331 1631 439 1690 iniuria
469 1631 534 1689 sieri
561 1629 638 1689 haud
667 1631 697 1688 in
726 1628 863 1690 obscuro.
893 1629 1019 1690 debebat
1046 1631 1124 1689 scire
1154 1628 1258 1706 Perga·

80 1741 200 1804 monus,
224 1743 320 1804 neque
346 1725 486 1787 Sabinum
512 1745 607 1805 neque
632 1726 704 1786 alios
723 1726 788 1786 illos
808 1729 988 1807 interpretes
1007 1726 1165 1788 nonnullos
1186 1745 1257 1786 con·

71 1819 161 1880 'sulto
190 1822 350 1900 protulisse
379 1825 476 1905 efficta
505 1819 627 1906 (κακῶς
651 1817 687 1885 δὲ
710 1818 765 1884 καλ
793 1821 861 1886 τῶν
885 1821 1052 1906 ἐξηγητῶν
1076 1823 1160 1886 ἔνιοι
1182 1844 1257 1884 κατ-

20 1931 23 1936 ⁴
80 1911 267 1990 amaricante
297 1913 530 2000 Ξενοφάνους,
560 1913 669 2002 ῶσπερ
697 1916 752 1982 καὶ
780 1922 930 2003 Σαβῖνος
962 1917 1056 2006 ibid),
1085 1923 1136 1983 sed
1166 1941 1256 1982 uersu

79 2020 164 2076 nisos
192 2036 271 2097 esse,
300 2017 336 2077 de
365 2037 424 2097 quo
449 2019 573 2079 multum
597 2030 760 2099 pugnatum
785 2029 843 2082 est:
873 2018 908 2084 ἐκ
926 2021 1026 2104 γαίης
1049 2013 1113 2102 γάρ
1137 2013 1256 2098 πάντα,
1361 2070 1373 2078 ,

78 2108 137 2175 καὶ
162 2112 208 2188 είς
192 2113 295 2195 ςγην
319 2108 579 2197 πάντατελευτᾷ
600 2111 649 2198 (lr.
666 2113 709 2201 8).
738 2121 878 2178 nimirum
903 2117 1010 2197 duplex
1035 2120 1195 2195 antiquist
1197 2137 1256 2177 ern·
1310 2198 1312 2207 Ι

77 2206 244 2294 poribus
221 2211 393 2275 tradebatur
407 2214 443 2276 de
457 2181 648 2294 Xenoplrenis
664 2216 796 2276 doctrina
812 2216 930 2295 physica
945 2205 1080 2275 uirorum
1100 2215 1256 2276 doctorurn
1307 2216 1310 2224 '

77 2315 199 2392 opinio,
227 2331 295 2373 cum
325 2313 372 2373 alii
402 2333 418 2372 e
447 2323 539 2394 terra,
570 2333 585 2374 e
615 2323 694 2374 terra
723 2323 753 2374 et
780 2332 854 2392 equa
885 2315 933 2374 alii
961 2321 1025 2373 orta
1054 2331 1120 2373 esse
1150 2322 1256 2374 cuncta

78 2527 196 2600 Klein>)
215 2527 266 2581 XV
285 2547 312 2598 p.
333 2535 364 2582 21
379 2528 411 2582 K.
432 2561 465 2569 -
484 2528 628 2582 inuehitur
646 2528 674 2582 in
694 2527 885 2585 Dioscoridem
906 2532 934 2585 et
953 2528 1116 2600 Capitonem
1136 2527 1256 2584 Gelonus

75 2608 149 2662 locis
168 2609 315 2677 permultis
335 2610 381 2676 (of.
402 2627 423 2664 e.
442 2628 482 2678 gr.
502 2605 589 2662 πολλά
610 2611 674 2676 περὶ
693 2608 742 2672 τὰς
761 2608 881 2680 άρχαίας
900 2607 1012 2680 γραφάς
1032 2607 1256 2680 ἐκαινοτόμησαν
1331 2633 1333 2636 ·

76 2688 146 2741 XVI
164 2706 192 2756 p.
210 2695 234 2754 2,
255 2684 287 2742 εἰι
305 2690 355 2742 rori
376 2685 521 2756 συνήθους
540 2695 598 2751 τοῖς
617 2685 709 2750 ἄλλοις
730 2685 857 2761 ὀνόματα
876 2686 963 2745 πολλὰ
984 2685 1172 2759 μετεκόμισαν
1191 2691 1256 2744 ΧΙΧ

74 2787 105 2838 p.
128 2772 178 2836 83,
202 2762 235 2822 σά
255 2763 306 2836 χρὴ
326 2765 358 2822 δὲ
378 2767 448 2838 μηδὲ
468 2764 540 2823 κατά
561 2766 648 2838 τύχην
667 2769 716 2823 καὶ
735 2764 791 2822 άπὸ
811 2771 868 2828 τοῦ,
881 2765 1041 2839 αὐτομάτου
1060 2766 1110 2832 τὰς
1135 2766 1255 2840 άργαίας

76 2845 176 2918 ῥήσεις
195 2843 394 2918 μεταλλάττειν
414 2893 419 2903 ,
436 2893 464 2905 ..
485 2845 554 2917 ὅπερ
578 2843 665 2910 ὅντως
690 2845 798 2903 εὀίκασι
821 2857 914 2904 ποιεῖν
934 2845 1051 2919 μάλιστα
1071 2843 1256 2920 Διοσκορίδης

76 2948 107 2982 τε
139 2927 188 2982 aul
207 2930 342 2983 Καπίτων
370 2930 419 2982 aul
443 2927 522 2985 άλλοι
545 2931 645 2982 πολλοί
666 2929 731 2983 XVI
749 2948 776 2999 p.
797 2933 868 3000 485),
893 2947 1011 2999 quorum
1038 2929 1187 2999 primarius
1214 2934 1256 2985 est

75 3008 263 3062 commentar.
287 3005 371 3076 primi
392 3008 428 3063 ad
444 3007 623 3078 Hippocratis
641 3009 849 3081 Epidemiarum
868 3011 977 3066 librum
991 3011 1098 3066 sextum
1117 3010 1255 3079 praefatio

76 3085 207 3158 (XVIIA
227 3105 255 3156 p.
276 3092 326 3140 793
342 3090 426 3158 εφη),
449 3089 523 3143 unde
541 3093 692 3159 praecepta
710 3091 819 3158 critica,
842 3090 944 3159 quibus
967 3089 1090 3162 gauisuri
1109 3090 1166 3144 sint
1183 3091 1255 3144 forte
1321 3099 1323 3105 '

75 3170 209 3234 lectores,
230 3183 375 3236 excerpere
393 3167 472 3223 libet.
496 3187 618 3240 namque
638 3187 684 3225 eos
703 3170 816 3240 quidem
836 3171 937 3226 acriter
950 3171 1113 3241 uituperans
1123 3169 1255 3238 Galenus,

75 3249 128 3318 qni
149 3247 311 3302 leuiusculis
330 3247 496 3303 coniecturis
515 3251 619 3304 temere
638 3250 747 3306 textum
766 3251 978 3322 deturpauerint
997 3255 1013 3319 (.
1031 3294 1059 3307 ..
1081 3246 1255 3320 ἐλυμήναντο

78 3328 182 3383 πολλοὶ
201 3327 257 3382 τῶν
277 3321 427 3397 ἐξηγητῶν,
446 3324 524 3384 άλλοι
543 3325 640 3398 άλλως,
660 3326 697 3393 ῶς
717 3329 833 3394 ἕκαστος
850 3329 948 3400 ἤλπισε
968 3332 1100 3392 πιθανῶς
1120 3327 1256 3398 ἐξηγήσα-

76 3413 162 3478 σθαι,
182 3404 235 3477 τὴν
253 3405 325 3463 κατὰ
344 3409 445 3463 τοῦτον
465 3412 513 3480 (sc.
529 3405 612 3479 Ἱππ.)
632 3409 708 3476 λέξιν
727 3407 934 3480 ὑπαλλάττων),
955 3411 1038 3466 immo
1058 3428 1125 3464 uero
1145 3411 1255 3464 codices

74 3487 292 3558 antiquissimos
318 3489 519 3558 conquirendos
539 3507 598 3544 esse
619 3491 702 3546 docet
721 3507 870 3560 eorumque
890 3491 989 3557 libros,
1014 3491 1062 3559 qui
1081 3490 1165 3560 primi
1188 3490 1254 3559 Hip-

76 3572 227 3642 pocratem
249 3569 428 3638 interpretati
451 3571 508 3626 sint
530 3574 548 3641 (.
565 3613 592 3627 ..
615 3565 683 3627 ῶστε
703 3566 891 3640 ἠναγκάσθην
910 3567 964 3640 ε’γῶ
985 3567 1032 3624 διά
1052 3571 1134 3624 τοῦτο
1154 3567 1205 3638 τόν
1225 3590 1254 3625 τε

75 3645 258 3717 παλαιότητα
281 3650 337 3703 τῶν
360 3645 543 3720 ἀντιγράφων
570 3647 735 3721 ἐπιζητῆσαι
753 3649 787 3706 τά
807 3669 842 3722 τεΙ
856 3645 1044 3719 ὑπομνήματα
1064 3650 1119 3702 τῶν
1138 3646 1254 3716 πρῶτων

74 3727 298 3801 ἐξηγησαμένων
317 3725 348 3784 τὸ
368 3732 475 3804 βιβλίον
494 3750 520 3801 p.
532 3738 583 3792 793
604 3731 784 3800 ..δηλῶσαι
802 3727 853 3801 τὴν
868 3727 992 3784 παλαιάν
1008 3725 1121 3798 γραφήν
1140 3747 1166 3798 p.
1183 3733 1254 3798 ret),
1319 3787 1321 3791 ,

73 3827 170 3880 neque
189 3810 265 3880 prins
285 3811 470 3865 mutationem
490 3827 550 3866 esse
570 3828 738 3880 concessam,
759 3827 842 3880 quam
862 3810 948 3863 uerba
967 3810 995 3864 in
1013 3809 1052 3862 eis
1067 3809 1173 3862 tradita
1187 3825 1255 3862 sana

73 3909 139 3946 esse
162 3906 219 3944 non
238 3906 319 3960 posse
340 3892 456 3946 constet.
494 3892 669 3961 probabilem
690 3895 782 3946 autem
802 3908 862 3945 esse
882 3891 983 3944 debere
1003 3887 1204 3956 coniecturam,
1223 3891 1255 3942 ut

73 3971 239 4026 Heraclidis
257 3971 350 4040 illam,
368 3971 416 4040 qui
435 3971 534 4026 uerba:
563 3969 633 4041 πρὸς
658 3971 690 4027 ot
714 3968 745 4026 τὸ
762 3966 936 4040 Ἀφροθίσιον
955 3966 988 4022 oct
1006 3971 1119 4023 OYPAI
1136 3965 1254 4041 ἔβλεπον

73 4050 223 4106 sanauerit
247 4053 359 4106 ΘῬΡΑΙ
386 4051 517 4106 scribens.
559 4052 694 4108 facillime
719 4052 793 4107 enim
812 4051 871 4106 fieri
889 4050 1030 4120 potuisse,
1053 4051 1086 4103 ut
1103 4049 1150 4104 uel
1168 4066 1255 4104 mem-

71 4135 183 4186 branae
202 4131 295 4185 tenuis
315 4132 458 4186 cuiusdam
477 4132 633 4202 particulae
651 4131 776 4200 interitu,
794 4131 989 4204 ueltemporis
1008 4130 1125 4184 decursu
1144 4128 1252 4183 lineola

74 4214 129 4266 illa
159 4213 339 4266 euanescerct
367 4207 502 4282 (δυνατὸν
530 4207 584 4280 γάρ
611 4211 646 4282 ὃν)
673 4207 746 4268 οὕτω
773 4211 821 4269 καὶ
853 4212 954 4279 λεπτῆς
985 4206 1058 4272 ἰνὸς,
1077 4204 1264 4270 άτιολωλυίαςΙ

73 4288 312 4347 συναπόλλυσθαι
330 4287 381 4360 τὴν
400 4287 530 4361 γραμμὴν
545 4289 651 4362 ταύτην
666 4294 714 4348 καλ
729 4288 788 4346 κατ’
805 4287 894 4360 άρχόις
909 4286 999 4353 εὐθὺς
1014 4284 1104 4358 αὐτὴν
1119 4284 1254 4359 άμυὸράν

72 4378 240 4443 γραφεῖσαν
260 4367 384 4440 ἐξίτηλον
404 4367 459 4424 ὑπὸ
479 4373 529 4425 τοῦ
549 4369 651 4440 χρόνου
672 4371 808 4443 γενέσθαι
826 4387 853 4441 p.
875 4375 945 4440 794).
