2994 4898
720 256 935 321 ..53-

243 418 316 479 illud
348 412 470 501 μέτρον
502 409 651 500 ἄριστον.
697 419 780 480 cibos
809 419 947 482 robustos
976 429 1006 482 et
1034 422 1246 500 intemperatos
1275 419 1418 479 mixtione

243 515 478 579 accommodatos
497 535 563 577 esse
583 528 683 579 narrat
701 525 824 578 naturae
845 517 990 578 hnmanae
1015 509 1164 600 (ἥψησάν
1182 537 1217 579 τε
1235 511 1290 578 καὶ
1310 509 1419 598 ύκτη-

244 627 307 676 σαν
333 609 390 678 καὶ
422 610 560 696 ἔμιξαν
592 610 648 677 καὶ
681 611 872 699 ἐκέρασαν
899 611 939 677 τὰ
969 608 1089 699 ἰσχυροὶ
1117 636 1151 678 τε
1179 610 1234 677 καὶ
1267 607 1419 697 ἄκρητα
1488 629 1489 692 3

243 720 351 775 τοῖσιν
375 705 645 793 ἀσθενεστέροισι
669 735 697 798 p.
722 705 829 800 578),
846 734 904 795 qua
934 717 1048 776 ratione
1072 725 1102 777 et
1125 715 1256 776 medicos
1279 717 1418 794 antiquos

245 831 311 872 esse
335 831 406 872 usos
429 813 458 872 iu
483 811 767 875 medicamentorum
796 823 826 875 et
854 815 1068 894 compositione
1094 824 1123 875 et
1147 833 1203 874 usn
1233 805 1416 893 διαφνλύσ-

243 924 363 983 σοντας
386 899 431 982 ὡς
454 907 621 990 μετρίως
645 909 701 994 ἔχη
726 905 767 994 (p.
788 908 876 994 582).
924 913 982 971 nisi
1006 913 1085 970 enim
1109 919 1213 971 natura
1237 919 1419 990 superentur

243 1011 439 1090 nutrimenta,
467 1008 655 1070 diuersarum
685 1011 856 1072 facultatum
888 995 1150 1088 temperationem’
1162 1007 1294 1090 turbari,
1325 1010 1419 1068 amari

242 1107 324 1186 salsi,
358 1105 453 1165 dulcis
486 1104 575 1187 acidi,
608 1108 708 1169 acerbi
740 1108 860 1188 insipidi
893 1116 1059 1169 ceterarum
1085 1097 1131 1190 ¹(p.
1164 1101 1258 1190 602),
1291 1103 1419 1185 quarum

182 1202 190 1220 '
243 1205 396 1266 manifesta
425 1205 548 1282 siquae
577 1205 638 1288 liat,
667 1207 777 1269 doloris
801 1210 930 1268 existere
955 1224 1073 1267 cansam
1097 1199 1139 1288 (p.
1164 1202 1229 1266 606
1240 1202 1309 1286 sq).
1356 1223 1417 1265 non

244 1304 333 1364 huius
357 1301 416 1364 diei
442 1309 502 1382 est,
526 1321 585 1381 quo
609 1304 696 1366 modo
719 1306 790 1366 huic
813 1307 850 1366 de
874 1304 1045 1366 facultatum
1070 1313 1184 1389 natura,
1199 1313 1228 1365 et
1252 1306 1283 1364 ui
1306 1302 1419 1378 doctri-⁸
1488 1307 1489 1396 )

243 1422 312 1483 uae,
336 1401 521 1462 Alcmaeonis
546 1400 736 1465 fundamento
761 1411 996 1485 superstructae,
1021 1405 1186 1464 coctionem
1217 1396 1327 1482 (πέψις
1350 1399 1419 1462 τῶν

241 1495 372 1582 χυμῶν)
393 1501 524 1561 iunxerit
538 1509 650 1582 auctor,
670 1521 828 1584 exponere,
847 1521 904 1581 qua
924 1504 1032 1562 iustam
1047 1508 1152 1561 natura
1172 1501 1419 1580 temperationem

242 1601 379 1660 restituat
403 1591 455 1682 (cl.
479 1596 491 1657 Ι
514 1618 541 1677 p.
565 1595 630 1660 446
648 1594 740 1684 sqq.):
774 1601 890 1680 leniter,
905 1609 1019 1661 tantum
1043 1601 1168 1680 attingo,
1197 1598 1334 1676 pulcrum
1359 1617 1418 1660 em·

238 1701 361 1774 ptrtcoe
389 1696 552 1776 quaerendi
579 1700 702 1759 rationis
730 1700 896 1779 exemplum
925 1697 1070 1778 praebere
1093 1717 1175 1778 eum,
1203 1715 1263 1757 non
1286 1696 1417 1776 philoso-

242 1794 369 1874 phorum
394 1795 500 1874 placita
523 1797 554 1854 in
579 1797 768 1880 medicinam,
797 1797 848 1857 sed
872 1796 1056 1857 medicorum
1086 1795 1244 1857 obseruata
1267 1797 1298 1855 in
1322 1795 1419 1874 pbilo—

243 1893 375 1972 sophiam
400 1893 605 1954 transferenda
629 1914 695 1955 esse
720 1903 898 1956 statuentem
927 1888 1063 1975 (νομίζω
1088 1887 1126 1954 δὲ
1153 1887 1242 1973 περὶ
1272 1887 1419 1972 φύσιος

165 2039 169 2045 .
242 1983 397 2069 γνῶναί
412 2009 448 2050 τι
467 1983 589 2071 σαφὲς
607 1983 837 2073 οὐδαμόθεν
854 1984 1037 2053 1ύιῑιῑοθεν
1061 1983 1165 2052 εἶναι
1188 1981 1208 2071 ἢ
1233 1986 1270 2066 ἐξ
1290 1989 1418 2072 ίητρι-

241 2085 318 2168 κῆς.
355 2084 455 2149 τοῦτο
485 2081 522 2149 δὲ
552 2075 684 2150 οἷόντε
713 2093 937 2174 καταμαθεῖν,
972 2081 1066 2150 ὅταν
1099 2080 1224 2168 αὐτην
1256 2108 1314 2162 τις
1345 2081 1418 2168 τὴν

243 2184 427 2266 ιἠτρικην
461 2177 591 2267 ὀρθῶς
622 2185 752 2249 πᾶσαν
784 2180 976 2271 περιλάβῃ
1005 2207 1033 2267 p.
1058 2181 1199 2270 orosa).
1245 2187 1303 2248 boc
1332 2186 1419 2270 addo,

242 2288 339 2345 inesse
367 2287 397 2345 in
433 2285 605 2346 collectione
638 2287 894 2375 scriptiunculam,
931 2285 1089 2347 notabilem
1120 2304 1204 2366 sane,
1237 2304 1294 2364 qua
1327 2304 1419 2346 uerae

243 2385 383 2443 scientiae
408 2385 568 2443 auctoritas
592 2390 694 2443 contra
723 2385 922 2464 sophistarum
950 2404 1026 2446 uana
1050 2386 1203 2444 conamina
1227 2385 1343 2444 lortiter
1367 2385 1418 2444 de·

242 2480 392 2563 fendatur,
424 2475 512 2562 περὶ
541 2472 842 2563 εὐσχημοσύνης
868 2485 1042 2562 inscriptam
1073 2477 1127 2565 (lx
1149 2502 1177 2562 p.
1201 2479 1267 2542 222
1281 2501 1345 2562 sqq.
1368 2479 1417 2564 L).
1488 2533 1489 2568 ,

243 2579 318 2640 dirae
342 2579 431 2639 huius
455 2579 546 2640 libelli
570 2590 640 2642 sunt
658 2580 830 2659 particulae.
867 2589 955 2661 atque
975 2580 1067 2640 altera
1087 2578 1208 2658 quidem
1227 2572 1304 2661 (cap.
1321 2577 1417 2638 Vll—

195 2677 196 2680 ’
242 2670 349 2760 xyll),
384 2696 442 2756 qua
471 2677 506 2738 de
541 2677 647 2738 medici
681 2677 782 2738 habitu
816 2687 939 2739 externo
972 2679 1169 2759 praecipitur,
1203 2676 1239 2737 de
1272 2685 1418 2756 apparatu
1488 2671 1489 2746 ἶ

243 2775 425 2856 medicinali,
449 2775 486 2837 de
511 2776 642 2838 uisendis
666 2779 795 2856 aegrotis
819 2776 1034 2856 curandisque,
1057 2773 1131 2836 nihil
1154 2775 1189 2836 ad
1214 2793 1281 2837 nos:
1314 2794 1417 2836 uersa·

243 2892 308 2933 rrrur
336 2875 366 2933 in
395 2875 504 2953 priore.
551 2876 648 2952 agitur
676 2874 713 2934 de
742 2876 884 2955 sapientia
908 2876 938 2935 in
963 2875 1147 2934 uniuersum.
1194 2876 1279 2934 errius
1303 2891 1416 2952 genera
1488 2867 1489 2926 Ῐ

241 2971 368 3050 plurima
396 2989 456 3031 non
485 2972 563 3049 utile·
586 2972 746 3053 quidquam
775 2973 908 3033 elficinnt
941 2967 993 3054 (nl
1021 2963 1127 3050 podio
1158 2965 1191 3044 ές
1220 2964 1315 3052 χρέος
1344 2968 1417 3032 τῶν
1488 2967 1489 3038 f

242 3061 324 3148 πρὸς
347 3059 368 3131 ἃ
393 3062 649 3150 διαλέγονται
671 3090 699 3150 p.
714 3064 805 3152 226).
842 3089 940 3151 neque
959 3077 1057 3131 tamen
1082 3068 1253 3151 damnanda,
1277 3071 1302 3129 si
1326 3069 1417 3129 modo
1488 3073 1489 3144 ξ

243 3171 355 3228 ratione
379 3187 413 3228 ac
437 3169 485 3228 uia
509 3167 675 3246 procedunt
700 3152 770 3250 (ᾗσι
794 3161 942 3247 μέθοδός
964 3186 1013 3239 τις
1037 3160 1139 3227 ἐοῦσα
1162 3157 1293 3256 τεχνικὴ
1317 3160 1418 3247 έρμύ-
1488 3185 1489 3248 3

243 3259 343 3348 ζιται)
368 3273 540 3344 remotaque
565 3273 635 3326 sunt
657 3285 673 3325 a
697 3275 823 3346 quaestu
846 3267 935 3344 turpi.
982 3262 1148 3342 expellendi
1174 3282 1246 3323 nero
1270 3282 1286 3322 e
1311 3264 1417 3323 ciuita-

244 3363 324 3424 tibus
348 3364 523 3445 sapientiam
546 3363 735 3443 prolitentes,
764 3365 816 3442 qni
840 3370 1016 3442 sumptuose*
1038 3363 1134 3421 ornati
1158 3350 1418 3443 (ὑπερηφανέως

241 3454 482 3542 κεκοσμημένοι
504 3480 532 3540 p.
548 3453 627 3543 228)
652 3462 683 3520 in
707 3460 833 3522 urbibus
849 3459 1232 3538 uersentur'lromincsque
1251 3458 1417 3538 decipiunt.

241 3561 385 3620 transitur
418 3561 506 3620 tertio
536 3561 631 3640 capite
664 3558 699 3618 ad
731 3561 903 3637 sapientiam
933 3575 1035 3619 ueram
1069 3555 1165 3636 ample
1199 3556 1416 3640 illustrandam.
1488 3579 1489 3652 ,

244 3676 300 3737 qua
311 3660 341 3717 in
352 3657 551 3738 disputatione
561 3657 730 3736 perdillicili
744 3658 905 3735 sapientiae
916 3656 1022 3717 ducem
1038 3663 1174 3715 naturam
1189 3673 1254 3715 esse
1270 3655 1416 3716 docemur

242 3746 545 3835 (ἡγεμονικώτατον
564 3748 625 3835 μὲν
645 3739 708 3816 οὖν
726 3747 855 3816 τούτων
874 3744 1030 3814 ἁπάντων
1050 3799 1057 3813 .
1077 3797 1084 3812 .
1104 3742 1124 3831 ἡ
1144 3743 1262 3830 φύσις
1280 3773 1306 3832 p.
1323 3750 1417 3836 230),

242 3863 364 3915 naturae
388 3855 466 3913 enirn
491 3855 748 3934 inuestigationem
771 3852 932 3932 sapientiae
956 3869 1064 3910 munus
1084 3868 1149 3910 esse
1174 3843 1222 3933 (ἐς
1245 3842 1283 3911 τὸ
1305 3840 1416 3931 ἀρχὴν

242 3940 391 4030 λαβεῖνὴ
408 3941 509 4030 φύσις
526 3944 689 4032 κατερρύη
709 3943 764 4010 καὶ
783 3941 926 4028 κέχυται,
946 3938 966 4028 ἡ
987 3945 1007 4008 δ
1014 3939 1029 4008 ὲ
1048 3945 1168 4027 σοφίη
1189 3943 1225 4020 ἐς
1245 3938 1285 4009 τὸ
1306 3945 1366 4009 είδ
1372 3970 1392 4029 η
1401 3988 1413 3995 -

243 4063 306 4110 σαι
321 4039 364 4109 τὰ
380 4037 441 4108 ἆτ’
458 4038 579 4127 αὐτῆς
593 4045 660 4127 τῆς
675 4040 819 4127 φύσιος
833 4038 1049 4126 ποιεύμενα
1058 4064 1087 4124 p.
1097 4041 1191 4126 230):
1206 4064 1293 4124 quam
1309 4047 1334 4104 si
1344 4048 1416 4124 quis
1488 4049 1489 4128 g

243 4149 370 4229 nouerit,
386 4147 498 4206 ratione
513 4146 657 4207 utendum
673 4135 790 4224 (καλὸν
809 4139 844 4204 ἐκ
857 4139 918 4205 τού
938 4137 1158 4223 διδαχθέντος
1176 4141 1276 4223 ἔργον
1290 4135 1417 4226 λόχος).

242 4245 318 4305 banc
333 4262 402 4304 sane
419 4245 590 4323 sapientiam
606 4241 850 4303 introducendam
865 4245 971 4303 esseio
987 4241 1170 4321 medicinam,
1185 4241 1317 4302 medicus
1333 4244 1416 4303 enim

244 4345 405 4426 sapientiae
425 4344 537 4403 anricus
552 4341 607 4402 deo
626 4341 756 4422 aequalis
776 4331 903 4422 (ἰητρὸς
921 4331 1108 4419 φιλόσοφος
1127 4331 1262 4412 ἰσόθεος
1280 4357 1308 4418 p.
1324 4336 1417 4421 232).
