2994 4898
693 278 910 341 „30-

219 443 444 521 inspiceremus,
465 473 502 483 —
525 441 560 500 ad
581 440 699 501 Suidam
721 441 841 519 relegati
865 431 974 519 quibus
1002 444 1031 501 in
1054 440 1226 519 fragmentis
1250 441 1384 518 digeren-

189 542 262 654 ⁸dis
285 548 439 600 uteremur
462 537 575 599 indices
599 539 709 599 trustra
733 557 958 620 quaereremus;
989 538 1157 599 Aristotelis
1181 541 1258 598 enim
1283 538 1385 598 titulos

217 638 323 712 allerre
352 639 473 698 omnino
502 637 682 717 supersedit,
710 636 908 715 Theophrasti
936 639 1067 716 quinque
1097 637 1133 697 de
1166 636 1271 696 indicis
1303 637 1388 695 initio
1490 663 1491 684 1

215 736 388 816 desumpsit,
413 736 448 796 de
474 738 614 796 memoria
638 735 769 796 adiciens
793 742 940 814 quattuor.

309 833 346 893 At
364 834 571 913 circumspice,
590 852 661 893 num
681 833 813 912 suppleri
831 833 907 893 iorte
927 835 1021 912 possit
1040 851 1142 893 manca
1159 832 1268 893 Suidae
1288 830 1386 891 tabula

216 949 304 1010 quam
333 950 348 990 e
378 932 539 1010 praestanti
569 931 649 992 ionte
678 931 812 993 haustam
840 950 906 991 esse
937 949 1004 991 cum
1033 931 1171 1010 aliorum,
1205 938 1267 991 turn
1295 931 1389 1008 ipsius
1491 973 1492 982 ,

217 1028 415 1108 Theophrasti
430 1028 508 1107 quod
530 1031 759 1090 memoranimus
775 1029 909 1108 exemplo
925 1028 1143 1108 comprobatur.
1172 1028 1389 1106 perlustramus

219 1127 336 1186 codices
361 1125 587 1207 Hippocrateos,
616 1127 747 1188 indicum
771 1128 1008 1208 praepositorum
1033 1129 1176 1186 rationem
1205 1144 1389 1204 operumque

218 1228 353 1305 ipsorum
372 1225 507 1285 ordinem
526 1225 755 1305 perpendentes.
790 1244 848 1305 qno
863 1227 893 1284 in
914 1226 1031 1303 negotio
1047 1232 1140 1286 totum
1157 1243 1265 1303 corpus
1280 1223 1391 1303 duplici

221 1326 298 1384 serie
315 1324 391 1384 tradi
406 1325 505 1383 statim
520 1323 801 1404 animaduertemus,
820 1323 986 1383 Parisinum
1006 1319 1093 1383 2253
1108 1323 1130 1381 Α
1152 1324 1390 1401 antiquissimum
1492 1321 1493 1376 ἶ

217 1425 242 1482 si
265 1423 405 1502 excipias,
429 1420 566 1482 undecim
587 1421 788 1482 tantummodo
813 1423 922 1500 scripta
947 1423 1157 1503 continentem,
1181 1423 1266 1482 cuius
1290 1423 1390 1499 singu·

217 1521 287 1581 laris
310 1528 356 1580 est
379 1518 524 1578 condicio.
560 1522 672 1598 primae
697 1520 809 1598 classis,
832 1521 880 1579 cui
905 1521 1028 1579 maxima
1053 1518 1188 1579 codicum
1209 1538 1276 1598 pars
1296 1537 1391 1578 annu·

219 1618 367 1698 meranda,
386 1635 489 1696 agmen
510 1617 624 1678 drrcrrnt
642 1617 770 1678 Parisini
788 1613 878 1677 2255
897 1626 927 1677 et
946 1613 1042 1698 2254,
1065 1616 1183 1704 saeculo
1204 1615 1268 1675 XlV
1287 1615 1389 1676 eadem
1493 1623 1494 1652 ³

219 1733 304 1775 mann
330 1717 449 1795 scripti,
477 1734 603 1794 quorum
633 1717 841 1776 coniunctione
866 1715 1044 1776 exhibentur
1073 1724 1179 1776 cuncta
1205 1715 1390 1775 collectionis

217 1831 292 1892 quae
317 1811 402 1872 nobis
428 1821 602 1874 manserunt
620 1832 718 1892 opera.
752 1820 832 1873 extat
850 1816 880 1873 in
900 1813 998 1873 ironte
1019 1815 1174 1891 utriusque
1197 1812 1283 1872 index
1304 1831 1390 1872 accu-

217 1913 384 1972 ratissimus
417 1902 520 1990 (ὅπως
549 1900 592 1971 ἂν
621 1902 764 1993 εὐχερῶς
792 1901 886 1992 εὕροι
913 1930 962 1983 τις
994 1902 1052 1983 τὰς
1084 1902 1162 1988 παρ’
1188 1901 1278 1995 αὐτῷ
1313 1904 1391 1990 (scil.
1494 1947 1495 1988 ρ

215 2004 374 2090 Ἱπποκρ.)
399 1998 587 2069 ἀσθενειῶν
606 2001 751 2088 φυσικάς
768 2027 803 2068 τε
821 2001 877 2068 καὶ
897 2000 1098 2087 decerneretis
1116 2001 1298 2090 μεθόδους)
1318 2008 1391 2068 tonri

218 2109 326 2186 prioris
341 2105 401 2187 XL,
424 2108 600 2184 posterioris
619 2105 714 2165 XXlX
733 2104 848 2166 libellos
868 2105 1077 2184 complectens.
1109 2124 1236 2184 uirorum
1256 2105 1391 2165 ordinem

217 2208 242 2264 si
274 2214 394 2286 reputo,
432 2203 591 2264 nonnullos
628 2203 749 2282 quidem
788 2212 1031 2282 argumentorum
1064 2206 1238 2283 cognatione
1271 2205 1393 2263 iunctos

217 2321 354 2383 agnosco,
378 2304 471 2363 totius
490 2302 694 2382 dispositionis
714 2304 789 2362 ratio
809 2319 856 2360 me
876 2301 960 2379 lugit‘
970 2310 1095 2381 excepto
1115 2302 1247 2382 exordio,
1270 2301 1306 2361 de
1331 2319 1392 2379 quo
1495 2297 1496 2344 3

217 2397 302 2461 inir'a.
341 2400 455 2479 reliqna
479 2401 614 2462 codicum
640 2399 728 2460 buius
752 2401 905 2479 prosapiae
930 2398 1022 2458 moles
1046 2393 1130 2480 (stunt
1154 2408 1252 2459 antem
1272 2407 1394 2478 praeter

217 2498 396 2559 Marcianum
422 2495 500 2578 269,
528 2498 685 2559 Vaticanus
708 2495 771 2558 277
802 2507 832 2558 ot
855 2497 924 2557 Vrb.
948 2495 1004 2577 68,
1033 2497 1264 2557 laurentianum
1290 2492 1346 2588 74,
1374 2494 1390 2555 1

217 2597 345 2657 Parisini
372 2593 468 2676 2144,
492 2592 588 2676 2141,
611 2591 707 2674 2140,
727 2592 823 2674 2143,
846 2592 943 2675 2145,
963 2592 1051 2655 2142
1074 2595 1121 2655 alii
1146 2595 1278 2655 nonnulli
1298 2612 1394 2673 pauca

217 2688 417 2775 continentes)
458 2695 626 2753 secernitur
664 2692 718 2752 bac
757 2709 803 2772 re,
841 2692 919 2771 quod
954 2694 1093 2751 unianimo
1121 2695 1152 2752 in
1181 2711 1214 2752 ea
1242 2711 1393 2752 consensu

219 2795 397 2852 omittuntur
416 2785 484 2851 libri
504 2791 660 2850 duodecim
680 2783 769 2872 (περὶ
789 2786 917 2868 ἰητροῦ,
941 2783 1015 2870 περὶ
1034 2789 1180 2871 σαρκῶν,
1199 2785 1273 2873 περὶ
1293 2783 1394 2850 ὀδονι

219 2887 372 2968 copulae,
391 2882 466 2970 napi
481 2880 661 2968 ἀνατομῆς,
680 2881 755 2968 περὶ
774 2884 922 2969 καρδίης,
941 2881 1015 2968 περὶ
1029 2881 1172 2965 datvm,
1191 2883 1264 2969 napi
1278 2881 1395 2949 τόπων

217 2985 284 3048 τῶν
307 2979 380 3047 κατ’
406 2978 608 3069 ἄνθρωπον,
635 2979 710 3066 περὶ
734 2976 844 3064 ἀέρων
867 2976 1001 3046 ὑδάτων
1024 3005 1058 3046 τε
1081 2980 1136 3045 καὶ
1159 2979 1287 3064 τόπων,
1315 2981 1395 3067 περὶ

216 3075 331 3166 ὑγρῶν
355 3076 503 3165 χρήσιος,
526 3078 601 3165 περὶ
624 3083 775 3165 κρίσεως,
799 3101 889 3162 porro
913 3078 987 3163 napi
1010 3080 1078 3145 των
1102 3079 1139 3144 ἐν
1161 3081 1289 3164 κεφαλῇ
1307 3103 1395 3164 τρω-

217 3175 344 3261 μάτων,
359 3176 433 3262 περὶ
448 3173 671 3263 προγνώσεως
685 3176 791 3262 ἐτῶν).
820 3181 922 3241 classis
936 3181 1058 3242 alterins
1073 3182 1251 3259 exemplaria
1266 3200 1395 3242 numero

221 3284 368 3360 pauciora.
398 3282 469 3340 noui
484 3298 587 3341 eorum
603 3279 775 3341 Vaticanum
789 3276 855 3340 276
869 3279 1127 3340 membranaceum
1142 3282 1172 3339 in
1190 3280 1236 3339 iol.
1253 3280 1395 3340 loliorum

220 3377 283 3440 207
305 3378 414 3440 saeculi
435 3377 497 3454 llll,
517 3395 645 3457 quocum
665 3379 781 3456 cognati
801 3385 830 3438 et
845 3377 948 3437 Littrei
965 3375 1051 3438 2146
1072 3387 1102 3438 et
1115 3377 1206 3438 Vatic.
1222 3377 1309 3438 Palat.
1327 3373 1396 3438 192

219 3477 394 3538 chartaceus
410 3496 433 3565 s,
447 3475 519 3536 XVl.
549 3475 635 3554 longe
654 3474 711 3536 alio
730 3474 817 3535 modo
836 3476 865 3534 in
882 3477 925 3534 eis
940 3493 1005 3535 sese
1021 3478 1173 3555 excipiunt
1188 3475 1257 3535 libri
1274 3476 1395 3554 singuli.

219 3583 382 3636 occurrunt
407 3575 525 3654 qrridem
550 3574 768 3653 concordantia,
793 3581 825 3633 ut
843 3569 928 3652 egr.
949 3575 978 3633 in
998 3568 1124 3652 utraque
1144 3573 1231 3633 classi
1250 3573 1396 3653 deinceps

218 3681 384 3752 ponuntur:
417 3667 492 3755 περὶ
516 3663 721 3751 ἐπικυήσιος,
749 3664 823 3750 περὶ
852 3663 1057 3751 ἕπταμήνον,
1086 3665 1160 3751 περὶ
1189 3662 1396 3753 ὀαταμήνον,

219 3763 293 3852 περὶ
316 3769 527 3851 παρθενίων,
553 3762 628 3848 περὶ
653 3767 844 3848 νυναιιιείης
868 3760 1006 3849 φύσιος,
1035 3767 1086 3828 sed
1115 3769 1188 3830 baec
1211 3772 1250 3831 ita
1274 3786 1396 3847 compa-

219 3877 282 3928 rata
297 3877 377 3948 sarrit,
392 3876 425 3928 ut
444 3875 687 3947 argumentorum
703 3867 895 3928 similitudine
917 3869 1063 3927 contineri
1081 3866 1249 3949 uideantur,
1271 3868 1396 3927 minime

218 3967 350 4026 indicum
375 3965 500 4044 prodant
521 3964 700 4024 affinitatem.
738 3967 939 4042 praemittitur
958 3974 1056 4026 autem
1078 3967 1173 4026 textui
1192 3965 1396 4045 Hippocrateo

220 4072 250 4123 et
272 4065 303 4123 in
329 4061 467 4122 Vaticano
491 4065 575 4122 etin
599 4063 759 4142 exemplari
783 4062 916 4124 Parisino
945 4060 1044 4138 πίναξ
1069 4062 1153 4124 ualde
1179 4062 1314 4124 notabilis
1338 4054 1396 4143 (cl.

219 4161 303 4222 Littr.
323 4159 335 4219 l
355 4180 382 4238 p.
402 4157 466 4221 529
482 4179 524 4239 sq.
549 4159 574 4218 X
595 4179 621 4238 p.
642 4158 705 4219 le
721 4155 787 4244 su).
811 4163 862 4240 qui
886 4179 901 4219 a
925 4159 1044 4221 librario
1069 4163 1223 4223 conlectus
1248 4179 1304 4222 non
1323 4178 1395 4222 esse

219 4259 347 4320 uidetur.
394 4260 532 4318 nimirum
561 4258 629 4318 inde
653 4275 830 4337 quamquam
860 4257 931 4318 nihil
961 4257 1118 4338 concludo,
1148 4267 1215 4337 post
1243 4276 1395 4339 προγνω-

212 4349 333 4426 στικὸν
357 4357 387 4413 in
411 4356 513 4415 codice
537 4356 658 4434 quidem
682 4357 759 4434 qrrod
779 4356 919 4435 leguntur
937 4353 1066 4436 γνῶμαι
1086 4345 1107 4435 ἢ
1125 4351 1200 4438 περὶ
1218 4348 1394 4438 πτισάνης,
