2936 4902
658 177 853 238 -g..

168 358 254 399 nsum
284 339 423 398 destinati
450 340 649 416 ipsorumque
678 339 750 398 artis
783 331 985 419 expertium.¹)
1043 335 1135 416 quid?
1168 339 1245 417 quod
1280 358 1340 398 non

165 420 260 496 solum
307 436 469 496 imitatione
487 453 677 514 ,expressam
714 435 851 496 uidemus
895 435 1139 516 compilatamque
1185 446 1337 515 praestan-

165 536 309 594 tissimam
340 550 488 612 quamque
518 531 701 594 collectionis
732 534 937 614 scriptionem,
971 552 1077 620 uerum
1109 537 1197 595 etiam
1221 535 1340 594 senten-

164 633 219 691 tias
250 632 379 710 prolerri
410 632 552 690 miramur
582 638 683 709 aperte
713 633 791 691 iuter
823 649 853 691 se
884 639 1057 710 pugnantes
1098 640 1186 710 atque
1217 640 1250 692 ut
1273 650 1340 711 par-

164 732 301 790 cissimus
334 730 389 789 sim
422 731 453 789 in
484 728 632 809 exemplis,
660 729 834 810 afferendiS,
865 728 935 789 libri
962 725 1037 811 περὶ
1070 722 1205 791 νούσων
1238 723 1268 790 α’
1292 749 1341 788 ex-

165 827 283 889 ordium
305 827 499 890 illustrissimi
523 829 622 907 operis
647 827 683 888 de
707 827 782 888 dere
803 829 887 906 aquis
906 827 978 888 locis
997 830 1161 890 imitatione
1181 829 1340 889 contictum

164 945 230 986 esse
262 945 350 1006 quem
383 928 512 1004 peritum
536 922 635 1004 fugit?
670 928 717 986 cui
747 945 806 986 non
835 928 967 987 occurrit
991 945 1026 987 ex
1051 926 1154 987 eodem
1178 925 1267 1006 libro,
1291 945 1341 986 no-

162 1026 279 1085 tissimo
303 1023 351 1084 illo
377 1022 496 1102 quidem
520 1026 648 1102 antiquis
668 1023 861 1104 temporibus,
885 1011 1040 1105 desumpta
1061 1043 1126 1086 esse
1145 1024 1285 1092 nonnulla
1305 1026 1340 1086 ad

163 1122 299 1183 uerbum.
321 1121 384 1182 sere
414 1124 608 1200 congruentia
636 1121 672 1181 ab
702 1128 822 1181 atrctore
851 1116 925 1204 περὶ
955 1119 1045 1204 ἱερῆς
1077 1116 1221 1202 νούσου,
1255 1127 1341 1184 cuius

154 1222 257 1299 ‘copiis
280 1237 387 1281 rursus
411 1237 498 1280 usum
527 1237 592 1280 esse
622 1219 817 1280 obseruamus
841 1238 923 1302 eum,
948 1223 998 1299 qui
1021 1219 1209 1301 Hippocratis
1234 1231 1263 1282 et
1286 1222 1340 1282 De·

165 1321 283 1379 mocriti
306 1336 379 1397 quas
403 1336 463 1378 non
487 1319 550 1378 sine
578 1320 641 1378 risu
669 1337 828 1397 percurres
858 1317 999 1397 epistulas
1028 1319 1272 1401 eonscribdlauit,
1300 1323 1341 1381 ita

163 1417 283 1497 quidem
311 1424 344 1477 ut
374 1423 528 1477 stemmata
552 1415 768 1496 quodammodo
793 1415 935 1476 delineari
960 1424 989 1476 et
1013 1419 1128 1496 possint
1151 1426 1180 1477 et
1204 1417 1340 1497 debcant,

163 1515 257 1597 unde,
287 1514 395 1594 quibus
424 1514 585 1575 maioribus
612 1517 788 1594 posterioris
818 1517 884 1575 aeui
909 1513 1010 1594 proles
1032 1513 1176 1576 litter'aria
1199 1525 1341 1595 prognata

165 1616 212 1694 sit,
232 1609 451 1694 cognoscatur?
465 1615 532 1691 quis
552 1621 597 1673 est
616 1612 754 1693 denique,
774 1616 845 1692 quin
865 1613 901 1673 ad
921 1613 1110 1674 diuersorum
1129 1599 1340 1693 opusculortun

165 1713 310 1790 originem
335 1711 543 1791 explorandam
567 1713 711 1771 acerrime
736 1712 908 1792 instigetur,
932 1730 1000 1771 cum
1024 1711 1092 1772 talia
1117 1711 1249 1771 eiusdem
1274 1730 1342 1772 auc-

164 1812 237 1871 toris
257 1811 375 1870 nomine
396 1811 509 1888 signata
529 1805 679 1888 reperiat?
697 1808 710 1867 l
729 1829 757 1889 p.
777 1805 886 1870 ortt:
906 1806 1035 1891 ἰητρικῇ
1056 1801 1092 1870 δὲ
1111 1802 1219 1870 πάντα
1238 1802 1341 1870 πάλαι

164 1900 317 1990 ὑπάρχει,
340 1901 396 1968 καὶ
420 1897 517 1989 άρχη
542 1900 605 1967 καὶ
630 1897 724 1979 ὁδὸς
747 1899 958 1988 εὑρημένη,
978 1906 1014 1966 Vl
1033 1927 1060 1986 p.
1082 1904 1159 1968 156:
1183 1899 1280 1988 άρχὴ
1302 1900 1343 1968 δέ

165 2000 295 2089 ίησιος
319 1996 581 2084 ἀποδεδειγμένη
605 1997 666 2084 μὲν
691 1997 762 2067 οὐκ
786 2003 910 2082 ἔστιν,
933 1996 1004 2085 ἥτις
1028 1996 1142 2087 ὀρθῶς
1165 1998 1249 2087 άρχή
1274 2002 1342 2068 ἐστι

163 2099 271 2186 πάσης
300 2101 358 2185 της
382 2097 516 2186 τέχνης,
544 2094 625 2165 οὐδὲ
657 2095 816 2185 δεύτερον
846 2094 964 2183 οὐδέν,
1000 2092 1081 2164 οὐδὲ
1113 2098 1231 2183 μέσον,
1263 2094 1343 2165 οὐδὲ

90 2253 91 2256 ι
164 2195 307 2283 τελευτή.
326 2233 363 2245 -
381 2200 417 2260 Vl
431 2221 458 2280 p.
475 2197 554 2261 334:
579 2192 686 2281 ὀδύνη
702 2201 828 2280 γίνεται
846 2196 901 2262 καὶ
921 2193 1034 2262 διά-τὸ
1050 2193 1202 2283 ψυχρὸν
1216 2197 1271 2263 καὶ
1287 2194 1342 2264 διά

165 2293 201 2362 τὸ
222 2293 376 2382 θερμόν
472 2293 526 2359 καὶ
547 2295 584 2360 έν
607 2292 669 2388 μὲν
692 2307 779 2361 τοῖσι
804 2296 960 2381 ξηροῑσι
984 2292 1084 2379 φύσει
1106 2291 1343 2380 ὑγραινομέ-

165 2413 316 2478 νοισιν,
331 2393 367 2459 έν
383 2390 420 2458 δὲ
433 2403 541 2458 τοῖσιν
555 2388 715 2479 ὑγροῖσι
729 2391 828 2478 φύσει
844 2393 1189 2480 ξηραινομένοισι,
1203 2397 1253 2477 lp.
1265 2395 1343 2460 570:

165 2489 282 2560 ὁκόσοι
310 2491 525 2578 ἐπεχείρησαν
553 2489 628 2575 περὶ
656 2493 804 2578 ἰητρικῆς
831 2491 940 2576 λέγειν
964 2485 984 2576 ἢ
1007 2489 1150 2578 γράφειν
1178 2487 1344 2558 ὑπόθεσίν

166 2609 284 2677 σφισιν
313 2586 466 2656 αὐτοῖσιν
493 2585 699 2674 ὑποθέμενοι
726 2591 771 2680 τῷ
800 2586 889 2679 λόγῳ
919 2587 1070 2675 θερμὸν
1099 2584 1119 2672 ἢ
1148 2584 1342 2676 φυχρδνῆ

167 2685 293 2775 ὑγρὸν
312 2682 333 2773 η’
355 2684 542 2772 ξηρόν...
562 2687 766 2773 καταφανέες
781 2685 865 2755 εἰσὶν
885 2683 1188 2773 ἁμαρτάνοντες.
1206 2725 1240 2734 -
1261 2692 1296 2752 Vl
1316 2713 1342 2771 p.

168 2787 248 2853 254:
268 2782 309 2852 ού
332 2782 396 2872 γάρ
419 2781 482 2852 άπδ
503 2784 637 2871 γνώμης
654 2788 758 2853 ταῦτα
782 2784 858 2874 (scil.
877 2782 917 2851 τά
937 2782 1109 2872 φάρμακα)
1130 2780 1343 2872 εὑρίσκουσιν

167 2887 202 2950 ού
219 2879 406 2970 despesos,
430 2879 515 2950 άλλδι
540 2886 689 2968 μάλλον
714 2878 787 2950 άπὸ
812 2881 945 2969 τύχης,
969 2888 981 2948 Ι
1004 2907 1032 2967 p.
1056 2883 1137 2950 598:
1161 2879 1197 2948 ἐκ
1220 2887 1344 2969 πολλῆς

168 3170 198 3206 τε
216 3149 265 3205 καλ
282 3146 419 3220 εύσαρκος
432 3145 503 3220 πρὸς
516 3146 568 3218 τὴν
583 3145 766 3219 ὑπάρχουσαν
780 3145 857 3222 αύτῷ
873 3145 972 3218 φύσιν·
988 3143 1134 3215 ἀξιοῦνται
1149 3146 1203 3219 γάρ
1218 3145 1273 3205 ὑπὸ
1288 3151 1344 3204 τῶν

171 3231 281 3287 πολλῶν
296 3228 326 3286 oi
337 3227 374 3301 μὴ
390 3220 423 3285 εὑ
438 3232 614 3300 διακείμενοι
628 3226 663 3284 τὸ
679 3231 774 3299 σῶμα
790 3224 878 3292 οὑτως
893 3224 954 3284 οὐδ’
970 3222 1006 3284 dv
1023 3225 1125 3298 ἑτέρων
1137 3226 1343 3300 ἐπιμεληθῆναι

170 3311 276 3374 καλῶς·
297 3308 396 3366 ἔπειτα
410 3306 445 3364 τὰ
460 3309 524 3386 περὶ
544 3305 633 3365 αὑτὸν
653 3312 799 3380 καθαρίσας
819 3307 903 3380 ἔχειν,
924 3305 1023 3378 έσδῆτι
1042 3311 1146 3382 χρηστῇ
1166 3309 1214 3364 καλ
1232 3313 1344 3380 χρίσμα-

170 3409 214 3447 σιν
234 3385 375 3461 εὑόδμοις,
395 3385 486 3460 ὀδμὴν
507 3388 620 3460 ἔχουσιν
639 3386 821 3453 ἀνυπόπτοις·
852 3386 923 3460 πρὸς
941 3383 1055 3444 ἅπαντα
1073 3389 1162 3444 ταῦτα
1182 3386 1236 3460 γάρ
1254 3387 1345 3460 ἡδέως

170 3469 246 3541 ἔχειν
265 3471 414 3541 ξυμβαίνει
432 3466 499 3532 τούς
513 3469 672 3531 νοσέοντας.
702 3467 793 3524 δεῖδὲ
814 3467 946 3524 σκοπέειν
965 3466 1032 3524 τάδε
1052 3469 1117 3538 περλ
1135 3466 1197 3538 τὴν
1216 3468 1342 3540 ψυχήν

169 3549 304 3620 σώφρονα
332 3548 369 3620 μὴ
396 3548 484 3620 μόνον
512 3545 544 3603 τὸ
572 3550 668 3621 σιγᾷν,
696 3544 769 3603 άλλά
789 3547 838 3603 καλ
861 3549 925 3617 περὶ
949 3545 998 3602 τὸν
1025 3551 1086 3622 βίον
1112 3545 1188 3604 πάνυ
1208 3545 1344 3605 εύτακτον

170 3629 300 3701 (μέγιστα
316 3626 369 3698 γάρ
386 3628 444 3700 έχει
458 3625 529 3700 πρὸς
542 3625 631 3695 δόξαν
645 3623 766 3699 dread),
785 3627 816 3683 τὸ
832 3627 864 3684 δὲ
879 3621 952 3697 ἦδος
967 3625 1041 3682 εἶναι
1055 3625 1143 3683 καλὸν
1158 3631 1207 3684 καλ
1221 3625 1343 3701 άγαδόν,

172 3709 302 3766 τοιοῦτον
328 3705 352 3764 δ’
373 3703 443 3764 ὄντα
468 3709 538 3764 πάσι
563 3710 612 3764 καλ
637 3703 741 3779 σεμνὸν
765 3708 814 3763 καλ
840 3704 1061 3778 φιλάνθρωπον·
1086 3704 1117 3762 τὸ
1137 3705 1190 3778 γάρ
1209 3709 1345 3780 προπετὲς

171 3790 220 3861 καὶ
238 3785 270 3844 τδ
290 3785 443 3861 πρόχειρον
462 3795 693 3858 καταφρονεῖται,
712 3782 767 3843 κάν
785 3787 862 3844 πάνυ
882 3787 1019 3859 χρήσιμον
1038 3781 1056 3861 ᾗ
1075 3793 1130 3843 κτλ.

243 3871 268 3938 1)
293 3870 380 3937 Περὶ
405 3871 527 3925 πασῶν
555 3870 604 3940 (Vl
629 3889 656 3939 p.
676 3876 727 3925 208
748 3887 807 3938 sqq.
827 3867 870 3939 L),
897 3869 974 3924 ouius
994 3868 1137 3924 exordium
1159 3867 1225 3941 hoc:
1254 3867 1344 3941 deripe

169 3949 235 4021 χρή,
264 3943 339 4012 ὅστις
369 3946 427 4004 ἐστὶ
451 3948 580 4018 συνετός,
608 3948 792 4020 λογισάμενον
821 3941 865 4003 ὅτι
893 3954 982 4004 τοῖσιν
1009 3943 1186 4018 άνδροίποισι
1213 3953 1343 4009 πλείστου

165 4027 252 4096 άξιόν
273 4026 331 4083 ἐστι
345 4024 362 4098 ἡ
377 4024 480 4098 ὑγιείη,
501 4025 673 4084 έπίστασδαι
687 4025 745 4084 άπὸ
761 4031 811 4099 τῆς
826 4026 933 4085 ἑαυτοῦ
954 4027 1064 4100 γνώμης
1080 4024 1110 4083 έν
1125 4030 1188 4100 τῇσι
1201 4029 1344 4088 νούσοισιν

169 4105 349 4178 ω’φελέεσδαι
447 4106 619 4165 ἐπίστασθαι
644 4108 675 4166 δὲ
701 4108 809 4164 τούτων
833 4108 952 4179 έκαστα,
977 4104 1005 4173 ἐς
1028 4102 1095 4164 ὅσον
1121 4105 1196 4172 εἰκὸς
1221 4108 1343 4183 ἰδιώτην.

170 4190 205 4244 cf.
225 4189 305 4257 περὶ
324 4191 462 4258 διαίτης
481 4191 520 4244 lll
541 4197 582 4246 68·
599 4191 647 4261 (VI
667 4210 692 4260 p.
713 4196 765 4244 594
784 4192 826 4258 L),
850 4189 899 4244 ubi
927 4189 967 4244 eis
994 4190 1146 4260 praecepta
1174 4191 1288 4261 dantur,
1315 4194 1344 4248 iu

170 4267 321 4325 itineribus
341 4271 441 4340 quibus
460 4271 628 4327 uersundum
648 4272 684 4326 sit
704 4274 732 4326 et
751 4269 929 4325 terrestribus
949 4273 978 4325 et
996 4269 1118 4325 marinis.
