2994 4898
554 262 769 325 ..57...

81 417 304 505 δημιουργούς
328 421 412 504 <scil
435 419 640 505 καταφανέες
664 417 750 496 stolo
780 415 1047 504 ἁμαρτάνοντες>
1078 444 1106 503 p.
1128 421 1193 490 570
1221 432 1251 485 et

80 525 108 582 in
123 525 166 582 eis
186 541 261 601 quae
282 541 354 584 sen:
378 517 442 584 είσὶ
458 515 494 584 dt
509 516 709 605 δημιουργοὶ
724 520 760 582 ol
771 515 831 604 μὲν
847 521 1005 604 φλαῦροι,
1026 520 1061 584 of
1073 515 1110 584 di
1124 514 1250 583 πολλὸν

80 614 308 701 διαφέροντες·
343 611 423 702 ὅπερ
456 617 491 681 εί
518 613 569 700 μὴ
601 605 650 700 ἦν
680 612 964 702 ίητρικὴύλως
992 611 1070 702 μηδ’
1102 611 1138 682 έν
1167 611 1250 704 αὐτῇ

81 718 215 779 ἔσκεπτο
240 707 317 799 μηδ’
344 709 476 799 εὕροιτο
500 714 620 799 μηδέν,
646 711 707 781 οὐκ
731 709 775 780 dv
799 704 842 799 ἦν
866 712 963 802 κτλ.)ε
986 718 1096 798 quippe
1122 738 1196 797 quae
1220 727 1251 780 et
1352 796 1354 799 .

80 817 114 876 ab
143 815 208 876 aliis
237 815 409 876 auctoribus
437 819 664 899 impugnentur,
694 816 730 878 ab
760 836 795 877 eo
827 836 924 896 egr.
952 819 1003 896 qui
1029 816 1252 898 παραγγελίας
1334 859 1337 864 -

80 917 257 995 conscripsit
280 905 374 1026 (μετὰ
393 910 521 976 τούτων
541 908 578 976 dl
596 908 732 978 πάντων
751 910 848 996 μέγα
871 935 918 976 αν
941 908 1157 997 τεκμήριον
1179 934 1251 994 φα-

79 1013 163 1092 νείη
198 1005 266 1087 ξύν
299 1031 342 1094 τη
377 1002 495 1126 ούσίη
528 1011 595 1092 τῆς
626 1005 840 1094 τέχνης,εἰ
839 1017 923 1086 ’τις
950 1011 1060 1086 καλῶς
1087 1005 1251 1095 ἰητρεύων

78 1102 363 1193 προσαγορεύσιος
389 1102 545 1190 τοιαύτης
572 1107 616 1190 μη
646 1102 808 1190 ἀποσταίη
833 1112 898 1172 κτλ.
928 1109 967 1172 lll
996 1132 1025 1192 p.
1048 1108 1113 1172 264
1137 1103 1251 1193 L):-

79 1210 113 1268 de
144 1218 208 1270 arte
237 1208 466 1288 oratiunculam,
502 1227 590 1288 quam
619 1228 686 1270 cum
714 1209 873 1269 Aristotele
904 1205 949 1294 τῷ
980 1205 1132 1294 γραφικῷ
1162 1203 1251 1290 γένει
1298 1199 1306 1220 “

72 1306 228 1380 ¹ascribere
248 1306 326 1388 licet,
351 1308 519 1367 recitationi
537 1307 713 1369 destinatam
733 1303 784 1390 (cf.
804 1307 889 1369 Rhet.
904 1307 944 1369 lll
962 1305 1002 1369 12
1016 1329 1045 1388 p.
1062 1305 1135 1388 147,
1150 1305 1170 1368 9
1186 1307 1250 1386 Sp:

80 1396 98 1484 ἡ
118 1397 180 1485 μὲν
202 1389 265 1465 οὖν
284 1395 482 1484 έπιὸεικτικὴ
502 1400 587 1480 λέξις
605 1399 852 1486 γραφικοοτσίτη·
877 1399 914 1468 τὸ
939 1397 1004 1485 γὰρ
1029 1403 1129 1487 ἔργον
1149 1395 1251 1484 αὐτῆς

78 1496 292 1585 ἀνάγνωσις),
305 1511 486 1584 συνηθείαιν]
503 1505 640 1582 scriptor
633 1523 689 1564 ram
697 1497 721 1586 )
737 1504 890 1584 despicere
902 1523 932 1565 se
944 1511 1046 1583 aperte
1056 1521 1109 1581 qur
1119 1520 1250 1582 pronun·

80 1605 165 1664 tieret
174 1597 251 1715 (ἐγώ
267 1594 304 1662 dl
317 1592 447 1662 τούτων
457 1591 520 1662 ὅσα
530 1597 595 1662 τινί
598 1605 733 1711 είρηται
743 1599 915 1684 σοφιστηη
899 1589 1060 1687 ”ίητρῷ”
1040 1621 1060 1680 η
1072 1594 1251 1682 γέγραπται

78 1694 152 1782 περὶ
175 1693 310 1782 φύσιος,
343 1684 450 1779 ἦσσον
473 1698 595 1781 νομίζω
619 1720 658 1780 τη
683 1695 820 1783 ίητρικη
836 1695 934 1783 τέχνη
958 1693 1138 1781 προσήκειν
1162 1687 1182 1778 ἢ
1207 1717 1251 1781 τη

78 1819 249 1882 γραφικη
277 1798 289 1859 l
312 1818 341 1877 p
356 1793 435 1880 620)
459 1797 649 1860 conscribere
674 1801 793 1860 omnino
819 1817 878 1860 non
901 1799 1035 1878 potuisse
1060 1804 1185 1858 constat.

168 2040 257 2101 Redit
280 2043 337 2100 iam
361 2040 440 2102 unde
463 2041 596 2120 profecta
620 2049 666 2102 est
689 2040 851 2121 disputatio
873 2048 983 2120 nostra,
1007 2039 1042 2099 ad
1062 2037 1154 2098 libros
1177 2031 1253 2116 περὶ

79 2133 201 2220 φύσιος
225 2130 411 2220 ύνθροίπον
440 2139 554 2200 scilicet
577 2149 606 2200 et
629 2133 704 2220 περὶ
733 2130 871 2220 ἀρχαίης
899 2133 1055 2218 ἰητρικῆς.
1102 2136 1251 2215 sophistae

79 2242 108 2298 in
132 2241 175 2298 eis
195 2239 348 2316 perstricti
371 2236 518 2314 quomodo
542 2237 579 2298 de
602 2238 747 2298 medicina
762 2236 1008 2296 declamauissent
1030 2233 1251 2294 illustrabaurus

79 2329 152 2414 περὶ
181 2332 301 2415 φνσοόν
330 2336 472 2395 orationis
501 2336 648 2415 exemplo:
685 2337 742 2414 ipsi
771 2353 846 2415 quae
875 2335 1058 2413 profecerint
1088 2331 1253 2391 aduersarii

80 2436 182 2513 paucis
210 2432 459 2494 adumbrabimus.
507 2452 522 2492 a
549 2433 802 2512 Pythagoreorum
830 2450 957 2510 namque
984 2431 1138 2490 harmonia
1165 2430 1253 2507 profr-

80 2531 283 2611 ciscebantur,
316 2549 375 2591 non
407 2530 515 2591 leuiter
547 2526 640 2612 (sicut
672 2530 863 2608 Protagoram
891 2528 1112 2606 Prodicumquc
1145 2527 1252 2586 fecisse

79 2632 144 2690 ueri
173 2625 297 2709 simile),
326 2628 377 2688 sed
401 2638 523 2689 strenue
552 2627 588 2713 de
613 2630 738 2688 sanitate
761 2627 870 2688 tuenda
898 2623 1141 2702 restituendaque
1166 2642 1253 2701 quae·
1293 2674 1295 2678 .

79 2737 189 2789 rentes,
224 2745 315 2804 supra
334 2727 501 2787 audiuimus
520 2726 728 2787 Alcmaeonem
747 2725 895 2786 facultatis
915 2725 1003 2784 unius
1022 2721 1253 2801 dominationem
1295 2733 1299 2793 ,ι’

80 2825 176 2886 morbi
200 2826 381 2885 effectricem
405 2807 612 2884 iudicantem?
642 2823 778 2884 similiter
798 2813 862 2883 sine
885 2824 963 2882 iusta
987 2827 1127 2900 quattuor
1149 2819 1253 2880 humo-

79 2944 147 2985 rum
177 2924 391 3003 temperatione
420 2924 575 2983 sanitatem
606 2929 742 2982 constare
774 2939 833 2980 non
866 2938 953 3032 posse
986 2917 1119 2978 defendit
1150 2923 1254 2978 auctor

79 3016 163 3104 napi
174 3013 310 3109 φύσιος
343 3011 528 3098 ἀνθρώπου
561 3009 719 3099 (ὑγιαίνει
751 3039 813 3100 μεν
846 3003 930 3079 οὖν
941 3007 1097 3096 μάλιστα,
1131 3003 1253 3074 ὁκόταν
1293 3096 1295 3105 y

79 3119 246 3201 μετρίως
274 3113 340 3199 ἔχη
359 3115 463 3178 ταῦτα
490 3137 548 3196 της
574 3107 659 3195 πρὸς
686 3107 813 3197 ἄλληλα
842 3107 979 3194 κρήσιος
1005 3107 1061 3174 καὶ
1092 3105 1254 3192 δοναμιος
1296 3140 1298 3152 1

80 3213 219 3279 καὶτοῦ
243 3207 390 3294 πληθεος
413 3213 450 3274 Vl
473 3210 530 3296 40)
558 3213 696 3293 idemque
726 3215 898 3294 qualitatem
923 3221 1113 3292 superantem
1137 3221 1167 3272 et
1191 3229 1254 3271 cor-

81 3318 147 3395 pori
174 3332 283 3374 nocere
313 3314 399 3374 docet
432 3308 473 3392 (p.
498 3307 555 3393 36)
587 3323 616 3374 et
644 3312 784 3373 cohibere
816 3312 1037 3391 generationem
1072 3302 1118 3389 (εί
1143 3299 1188 3389 μὴ
1216 3298 1254 3368 τὸ

80 3405 257 3496 θερμὸν
226 3407 271 3472 cul
290 3408 407 3496 ψυχρῷ
422 3403 478 3470 καὶ
492 3401 529 3473 τό
551 3401 696 3495 ξηρὸν
666 3407 710 3471 τύ
730 3400 822 3492 ὑγρῷ
842 3406 1008 3488 μετρίως
1026 3399 1109 3488 πρὸς
1128 3398 1254 3486 ύλληλα

80 3507 146 3586 ἕξει
165 3504 252 3571 uult
241 3511 386 3580 ίησως
405 3499 604 3589 ηγένεσις
627 3499 689 3570 ούκ
712 3497 755 3569 dv
777 3500 933 3587 γένοιτο).
970 3507 1063 3565 artius
1086 3505 1256 3565 Alcmaeoni

81 3621 146 3670 sese
166 3608 300 3669 adiunxit
319 3615 422 3666 auctor
441 3597 554 3687 περὶ’
536 3606 675 3719 αρχαίης
694 3602 852 3718 ἰητρικῆς,
875 3622 934 3664 non
953 3612 1094 3682 quattuor
1113 3602 1255 3663 humores

81 3726 201 3769 sumens
222 3707 355 3784 corporis
374 3704 502 3765 clement
491 3713 529 3784 ta,
553 3705 604 3764 scd
623 3697 681 3776 τὰς
704 3695 869 3783 τυχούσας
892 3704 917 3761 si
939 3719 999 3760 non
1023 3692 1255 3779 ἐναντιότητας

82 3800 175 3887 (sicut
200 3803 398 3866 Crotoniatum
424 3802 561 3862 docuisse
585 3801 697 3862 Aristot
699 3801 759 3861 eles
783 3806 884 3860 narrat
906 3798 1032 3876 Metaph.
1061 3794 1169 3877 15p.
1189 3794 1254 3858 986

81 3900 193 3983 ³43),
217 3907 298 3960 certe
327 3891 500 3980 ὃνναμιας.
547 3902 633 3960 cuius
662 3899 796 3960 doctrina
824 3906 885 3958 tota
916 3896 1139 3957 fundamentum
1166 3893 1256 3955 habet

154 4038 180 4106 1)
199 4035 297 4102 Neque
315 4035 444 4090 Faenium
462 4051 553 4104 neque
567 4035 703 4090 Littreum
723 4036 798 4089 recte
817 4034 927 4102 cepisse
942 4033 1035 4087 locum
1048 4031 1137 4086 ualde
1154 4030 1255 4085 mirum

81 4121 131 4173 esi
169 4115 256 4171 uertit
279 4115 341 4170 ille:
367 4114 509 4184 ‘equidem
536 4131 607 4184 queo
631 4115 668 4169 ab
690 4115 734 4168 his
753 4115 908 4169 denatura
925 4114 972 4168 uel
991 4113 1067 4167 diota
1085 4111 1132 4165 uel
1150 4103 1255 4180 scripta

81 4199 160 4264 sunt,
185 4196 321 4249 nontam
346 4195 495 4249 aderiem
518 4193 669 4263 medicam,
694 4212 779 4264 quam
804 4195 840 4248 ad
859 4192 1044 4263 pictoriam
1063 4192 1189 4260 spectare
1209 4207 1253 4244 ex·

80 4277 188 4331 istimo’
214 4280 251 4344 (p.
273 4280 320 4344 16,
339 4280 374 4328 40
392 4275 435 4329 ed.
457 4275 551 4346 1657),
584 4274 677 4329 hic:
681 4318 710 4330 ..
735 4273 896 4348 appartient
919 4272 1008 4329 moins
1036 4274 1054 4326 a
1081 4271 1146 4324 l'art
1169 4271 1203 4324 de
1227 4271 1255 4325 la

80 4355 219 4412 medicine
238 4354 304 4424 qu'd
322 4353 406 4409 l'art
425 4354 466 4410 du
485 4354 631 4412 detsin’!
671 4411 673 4418 ,
