2994 4898
701 246 915 308 „42-

222 399 262 469 τὰ
285 407 385 489 χείρω
405 411 556 491 ίεμοντες
571 459 577 472 .
593 459 599 472 .
615 459 622 472 .
641 402 720 483 τοὺς
738 398 992 489 ἀποφεύγοντας
1015 400 1096 490 τύχη
1116 375 1320 489 ἀποφεύγειν
1340 400 1402 466 καὶ
1491 467 1492 490 ,

223 495 264 566 οῦ
288 497 346 566 διὰ
369 497 431 587 τὴν
459 503 579 590 τέχνην
606 529 634 590 p.
658 502 702 591 6).
749 525 823 586 quos
853 515 885 568 ot
913 507 1024 567 refutet
1051 514 1168 588 auctor,
1201 506 1282 566 uaria
1310 505 1402 565 affert
1491 505 1492 580 l

225 604 361 666 medendi
389 605 528 667 subsidia.
576 608 716 668 nimirum
744 605 817 666 haee
846 611 1002 686 postquam
1033 605 1244 685 pronunciauit
1272 605 1303 662 iu
1331 604 1402 662 uni·
1491 601 1492 662 Ῐ

224 720 354 783 uersum,
369 723 421 764 eos
436 703 556 764 morbos
570 722 661 786 praue
677 708 728 785 qni
744 712 922 766 curarentur
938 704 1092 764 aduersam
1106 703 1281 784 plerumque
1302 701 1399 760 lortu-

223 819 290 862 uam
315 804 402 881 sequi
425 804 593 864 existimare
622 821 701 884 sese,
730 804 780 882 qui
807 800 900 882 probe
929 801 1089 863 seeundum
1122 791 1279 880 (ἡγεῦμαι
1308 806 1400 862 τοῖσι

222 892 284 980 μὲν
307 897 415 974 κακῶς
442 895 743 982 δεραπευομίνοισι
771 892 937 981 νοσήμασι
964 891 1004 960 τὰ
1033 892 1140 960 πολλὰ
1167 889 1229 978 τὴν
1257 887 1399 978 ίιτυχίην

223 994 378 1078 ἔπεσθαι,
407 1005 493 1059 τοῖσι
521 991 558 1060 δὲ
586 983 625 1060 εὖ
652 989 715 1079 τὴν
743 987 900 1078 εὐτυχίην
922 1016 951 1077 p.
975 991 1025 1077 6),
1053 1029 1088 1040 -
1116 999 1167 1076 qui
1191 998 1256 1058 sine
1279 996 1397 1057 medico
1472 1005 1474 1012 '

223 1100 287 1158 sani
302 1098 371 1158 lacti
386 1104 496 1177 essent,
510 1097 539 1157 id
555 1097 693 1172 effecisse
707 1115 759 1156 eos
775 1094 871 1174 aliqua
891 1097 1005 1156 ratione
1025 1103 1134 1176 narrat,
1149 1093 1208 1156 cibi
1227 1097 1398 1174 potionisue

226 1197 309 1276 copia
323 1195 410 1276 plure
430 1203 481 1255 aut
494 1197 609 1256 minore
624 1204 743 1256 utentes
759 1195 822 1254 siue
842 1193 1005 1254 lauationes
1025 1195 1251 1254 exercitationes
1274 1210 1398 1252 somnos

226 1291 400 1354 adhibentes
423 1300 475 1352 aut
497 1294 642 1375 uitantes3
666 1293 744 1354 unde
769 1293 904 1353 fortunae
929 1293 960 1353 ui
982 1291 1133 1353 debilitata
1157 1299 1187 1352 et
1210 1293 1342 1352 iuuantis
1366 1299 1399 1351 et

225 1393 362 1452 nocentia
381 1407 414 1451 re
433 1407 504 1450 uera
529 1393 658 1452 existere
682 1390 792 1452 debere
815 1393 1033 1451 consectarium
1052 1407 1119 1451 esse
1142 1397 1295 1467 artemque
1320 1406 1398 1467 quac
1493 1389 1494 1396 ’

170 1491 174 1500 ’
222 1488 315 1571 proba
335 1506 486 1568 prauaque
506 1489 660 1568 dignoscat
679 1479 757 1572 (οὐκ
776 1486 866 1549 ἔστιν
885 1486 933 1549 ἔτι
952 1478 1068 1550 οὐδενὶ
1086 1485 1154 1550 νῦν
1173 1479 1255 1548 ἄνευ
1278 1483 1399 1568 ίητροῦ

222 1578 451 1667 ῦγιαζομένων
478 1577 516 1648 τὸ
545 1578 733 1667 αὐτόματον
762 1579 978 1667 αἰτιήσααδαι
1007 1578 1101 1672 ὀρθῷ
1125 1578 1227 1670 λόγῳ·
1273 1578 1310 1646 τὸ
1334 1579 1399 1665 μὲν

225 1677 289 1767 γὰρ
308 1675 499 1766 αῦτόματον
519 1674 621 1746 οῦδὲν
639 1683 794 1764 φαίνεται
813 1679 1044 1766 ἐλεγχόμενον·
1074 1681 1143 1746 πᾶν
1161 1677 1226 1765 γὰρ
1244 1675 1281 1772 τὸ
1305 1677 1400 1764 μινό-
1494 1689 1495 1770 l

222 1802 326 1864 μενον
350 1775 407 1844 δαί
430 1803 463 1843 τι
490 1773 669 1865 εῦρίσκοιτ’
698 1771 741 1844 ἂν
768 1775 964 1863 γινόμενον,
993 1777 1048 1844 καὶ
1076 1778 1112 1843 ἐν
1140 1779 1185 1867 uqi
1214 1774 1271 1842 διοί
1297 1802 1329 1842 τι
1356 1773 1397 1842 τὸ

222 1871 412 1960 αὐτόματον
437 1871 478 1942 οῦ
504 1880 658 1960 φαίνεται
681 1872 802 1961 οῦσίην
826 1880 903 1962 ἔχον
927 1873 1100 1962 οὐδεμίην,
1125 1870 1240 1960 ἀλλ’ἢ
1266 1871 1399 1960 οῦνομα

223 1974 352 2057 μοῦνον
375 1995 402 2057 p.
429 1973 494 2060 10).

312 2073 377 2145 Quo
401 2075 488 2136 modo
510 2085 703 2156 posteaquem
728 2069 859 2166 οὐσίην
873 2095 948 2157 quae
973 2085 1097 2138 uocatur
1115 2078 1190 2136 artis
1214 2084 1318 2137 contra
1336 2076 1397 2136 lor·
1495 2129 1496 2162 ,

224 2184 324 2236 tunam
348 2174 467 2236 delendi
492 2175 634 2257 uidimus,
665 2176 702 2236 ad
724 2175 846 2237 alteram
869 2174 938 2236 libri
961 2184 1074 2256 partem
1103 2174 1317 2236 transeundum
1342 2183 1400 2253 ost,
1495 2169 1496 2174 ’

224 2291 280 2352 qua
305 2273 342 2333 de
366 2272 539 2334 morborum
562 2282 667 2334 natura
686 2277 846 2354 causisque
864 2273 1025 2335 disseritur
1049 2269 1087 2353 (c.
1103 2267 1235 2355 9-12).
1272 2274 1398 2332 coniun-

223 2373 303 2451 gitur
328 2389 361 2431 ea
385 2389 453 2432 curn
477 2373 577 2451 priore
606 2379 712 2432 octauo
741 2373 837 2451 capite
861 2370 1026 2452 Littreano,
1054 2389 1113 2450 quo
1141 2373 1170 2430 in
1200 2370 1399 2452 aduersarios,

223 2489 256 2531 ea
281 2469 381 2531 hercle
411 2487 486 2549 quse
515 2470 644 2530 curanda
674 2471 837 2549 suscipiant
865 2468 1053 2550 Asclepiadae
1087 2487 1175 2548 opera
1204 2485 1307 2529 eorum
1335 2487 1398 2528 non

223 2567 356 2647 indigere
381 2567 527 2647 dicentes,
550 2570 658 2628 intacta
683 2566 812 2647 relinqui
840 2586 915 2647 quae
943 2567 1094 2646 indigeant
1123 2560 1210 2650 (δεῖν
1239 2559 1276 2628 δὲ
1304 2567 1398 2649 είπερ

223 2651 267 2746 ἦν
295 2655 315 2745 ἡ
345 2658 458 2746 τέχνη,
486 2655 591 2724 πάνθ’
618 2653 743 2744 ὁμοίως
770 2661 888 2743 ἰῆσθαι
917 2683 944 2744 p.
975 2659 1046 2746 12),
1079 2667 1222 2726 acerrime
1250 2664 1399 2726 inuehens

224 2767 352 2843 scriptor
386 2756 546 2844 (uocantur
574 2760 867 2843 παραφρονεῦντες
898 2782 927 2843 p.
954 2759 1009 2843 12,
1041 2763 1077 2824 cl.
1106 2754 1224 2842 ἀγνοεῖ
1253 2755 1399 2842 ἄγνοιαν

223 2851 435 2944 ἁρμόζουσαν
458 2858 560 2942 μανίη
584 2855 713 2939 μᾶλλον
735 2847 756 2940 ἢ
780 2850 910 2943 ῦμαθίη
933 2849 1002 2944 alia)
1031 2862 1108 2922 utris
1132 2861 1243 2922 morbis
1262 2861 1399 2923 adbiberi

224 2961 320 3040 possit
342 2959 502 3040 medicina,
529 2960 605 3018 utris
630 2967 772 3039 nequeat,
799 2961 967 3021 accuratius
990 2960 1113 3020 definire
1138 2960 1256 3038 incipit,
1283 2976 1399 3018 memor

224 3060 255 3119 ni
279 3057 364 3118 lallor
387 3058 548 3138 aphorismi
571 3054 650 3116 illius
669 3055 877 3118 illustrissimi:
901 3047 1004 3119 ὁκόσα
1028 3049 1187 3139 φάρμακα
1210 3045 1272 3118 οῦκ
1295 3053 1399 3137 ίῆται,

224 3154 361 3237 σίδηρος
385 3153 486 3236 ίητατ·
522 3144 585 3215 ὅσα
604 3150 741 3233 σίδηρος
765 3145 827 3215 οῦκ
845 3151 945 3234 ίὴται,
968 3152 1035 3237 πῦρ
1059 3152 1160 3234 loprae·
1191 3145 1254 3215 ὅσα
1272 3147 1310 3215 δὲ
1328 3150 1398 3236 πῦρ

211 3245 285 3316 -οῦκ
310 3251 409 3334 ίῆτατ,
432 3249 536 3335 ταῦτα
559 3241 623 3332 χρὴ
645 3250 792 3331 νομίζειν
815 3243 935 3333 νἰνίητα
958 3247 1009 3332 (iv
1033 3271 1060 3332 p.
1079 3250 1143 3314 608
1163 3247 1209 3333 L).
1255 3252 1314 3312 duo
1337 3254 1399 3312 iam

224 3354 319 3432 capite
344 3369 422 3412 nono
441 3349 614 3411 morborum
634 3365 743 3426 genera
762 3349 910 3431 dignoscit
929 3369 1034 3430 magno
1058 3351 1106 3413 ille
1125 3353 1290 3431 promissor
1313 3349 1397 3410 hiatu

225 3442 413 3531 δυνάμενος
436 3439 492 3510 διὰ
516 3446 640 3527 σοφίην
663 3429 684 3528 ᾖ
708 3448 933 3529 πεπαίδευται,
957 3458 1050 3510 artem
1074 3449 1181 3510 callere
1201 3467 1266 3509 sese
1289 3465 1398 3527 parurn

224 3549 320 3610 adbuc
348 3550 399 3628 qui
426 3545 654 3623 demonstrauit,
683 3550 864 3608 exteriorum
893 3547 1006 3609 scilicet
1032 3539 1086 3629 (τὰ
1116 3540 1335 3628 ἐξανθεῦντα)
1366 3554 1400 3606 et

224 3649 401 3708 interiorum
428 3638 482 3728 (τὰ
506 3636 600 3718 ἐντὸς
621 3639 850 3727 τετραμμένα).
896 3652 985 3724 atque
1008 3643 1081 3705 illud
1105 3643 1233 3726 quidem,
1256 3645 1400 3723 quoniam

224 3747 413 3807 manifestum
445 3746 484 3805 sit
513 3738 564 3826 (ἐν
592 3736 747 3828 εῦδήίῳ),
771 3745 891 3803 omnino
920 3759 1070 3822 nunquam
1098 3745 1204 3822 peritis
1233 3742 1399 3802 insanabile

225 3863 290 3905 esse
310 3842 453 3923 gloriatur
477 3835 558 3924 (τῶν
577 3837 638 3923 μὲν
662 3834 704 3924 δὴ
728 3833 892 3902 τοιοῦτον
914 3835 1047 3902 πάντων
1071 3836 1108 3902 ἐν
1126 3831 1228 3902 ἅπασι
1246 3831 1304 3914 τὰς
1322 3832 1402 3902 ἀκέ-

225 3956 298 4014 σιας
320 3930 573 4021 ἀναμαρτήτους
600 3940 655 4004 δεῖ
680 3933 767 4002 εἶναι
790 3957 818 4017 p.
846 3932 915 4021 16):
948 3938 1017 4019 hoc,
1046 3938 1198 4000 occlusum
1222 3939 1251 4000 id
1274 3939 1401 4017 quidem

225 4051 254 4100 ot
278 4039 439 4100 obscurum
464 4031 514 4118 (ἐν
538 4033 724 4124 δνσόπτῳ),
754 4039 869 4099 etiamsi
897 4037 1015 4097 tollatur
1044 4035 1193 4098 difficilius
1222 4029 1326 4118 (situm
1352 4046 1403 4098 est

225 4140 364 4198 nimirum
393 4137 424 4196 in
452 4135 570 4197 ossibus
598 4138 784 4215 internisque
813 4137 895 4196 cauis
923 4151 1047 4195 ritrmero
1079 4129 1264 4214 permultis),
1297 4142 1402 4195 tamen

224 4237 260 4297 ab
298 4235 379 4295 omni
418 4234 526 4294 arruilio
555 4235 737 4296 disiunctum
767 4251 826 4294 nou
859 4253 925 4294 esse
963 4223 1020 4316 (οῦ
1054 4225 1121 4313 μὴν
1137 4281 1142 4294 .
1159 4281 1165 4294 .
1184 4223 1403 4313 κεκράτηκεν,

224 4325 298 4397 ἀλλ’
324 4318 346 4416 ᾗ
370 4325 516 4396 δυνατὸν
544 4323 739 4414 κεκράτηται
762 4352 790 4412 p.
817 4325 881 4412 18).
