2936 4902
561 263 870 326 -27-·

84 421 329 506 ἐμπνέοντα,
346 419 424 512 τοτὲ
448 418 485 487 δὲ
509 419 739 502 ἐκπνέοντας
764 421 915 502 ἐπιδείξω
934 419 974 488 τὰ
993 421 1165 508 νοσήματα
1183 424 1261 491 τού-

84 545 146 586 του
179 516 360 605 ἀπόγονά
391 545 425 586 τε
457 519 512 588 καὶ
545 523 688 605 ἔκγονα
719 517 828 586 πάντα
863 519 963 588 ἐόντα
995 547 1022 606 p.
1051 524 1107 609 963
1154 528 1263 606 quibus

86 631 212 702 cognata
246 623 326 684 talia:
359 614 415 683 διὰ
447 614 509 704 τὴν
542 613 780 701 ἀλλοιότητα
812 615 867 684 καὶ
900 613 1169 704 ἀνομοιότητα
1192 623 1265 686 τῶν

83 713 198 782 τόπων
217 740 246 800 p.
261 718 316 802 923
340 711 462 800 ἀνεμος
485 714 549 804 γάρ
574 716 664 782 ἐστιν
687 712 785 802 ἠέρος
804 716 929 802 ῥεῦμα
948 715 1003 782 καὶ
1022 720 1145 803 χεῦμα
1164 742 1191 801 p.
1207 719 1263 806 943

83 817 269 898 πέπληνται
296 809 360 901 γάρ
389 815 426 880 αλ
447 813 567 899 φλέβες
590 808 702 901 ἠέρος,
733 819 977 898 πλησθεϊσαι
1011 812 1048 882 δὲ
1080 813 1135 881 καὶ
1168 837 1263 902 πρη-

85 919 250 978 σθεῖσαι
273 907 333 977 τὸν
356 909 464 977 πόνον
488 909 700 995 ἐμποιέουσιν
724 912 760 977 ἐν
779 914 819 999 τῇ
838 912 966 998 κεφαλῇ
985 936 1013 996 p.
1032 914 1103 978 102.
1136 918 1262 978 antithe-

86 1017 132 1074 sin
158 1033 215 1075 una
240 1014 325 1075 uides
348 1033 416 1076 cum
439 1016 506 1075 soni
529 1014 643 1074 ludicro
667 1034 694 1094 p.
714 1011 771 1076 90:
809 1005 850 1076 ού
873 1006 937 1096 γάρ
961 1007 1154 1096 σώματος,
1178 997 1264 1076 άλλά

84 1105 244 1194 γνύμης
275 1107 365 1175 ἐστὶν
398 1111 496 1195 ἐργα;
530 1115 629 1174 iuncta
662 1113 790 1193 denique
824 1116 1015 1176 continentur
1049 1115 1103 1176 tria
1138 1113 1263 1192 Gorgiae

84 1212 236 1273 schemata
259 1211 306 1272 his
330 1212 415 1274 locis:
448 1209 515 1274 εἰσί
535 1231 622 1284 τινες
651 1208 719 1273 τοῖν
745 1205 904 1292 τεχνέων,
934 1210 971 1272 αἳ
1000 1218 1087 1273 τοῖσι
1116 1204 1177 1291 μὲν
1204 1231 1264 1272 κε-

82 1305 343 1391 κτημένοισίν
366 1309 452 1373 εἰσιν
476 1307 641 1387 ἐπίπονοι,
662 1311 666 1385 Ι
708 1316 795 1371 τοῖσι
815 1302 852 1372 δὲ
870 1303 1152 1390 χρεομένοισιν
1171 1300 1264 1390 όνηϊ-

85 1407 166 1470 σταέ
182 1428 211 1489 p.
226 1406 284 1490 90;
307 1400 436 1491 ἰητρικὴ
451 1401 516 1490 γάρ
532 1405 599 1470 ἐστι
612 1400 796 1491 πρόσθεσις
810 1400 865 1470 καὶ
880 1399 1066 1490 ἀφαίρεσις,
1089 1398 1265 1488 ἀφαίρεσις

84 1501 147 1589 μὲν
178 1505 247 1570 τῶν
274 1499 644 1590 ύπερβαλλύντων,Ι
692 1500 875 1588 πρόσθεσις
904 1500 941 1570 at
969 1504 1037 1569 τῶν
1061 1497 1264 1568 ἐλλειπόν-

83 1626 180 1679 των;
205 1603 273 1668 τῶν
297 1600 334 1668 δὲ
358 1597 400 1687 θη
423 1596 559 1668 νούσων
582 1594 737 1667 ἁπασέων
762 1595 779 1666 ὁ
802 1598 863 1683 μὲν
881 1598 1026 1687 τρόπος
1049 1595 1067 1666 ὁ
1087 1595 1198 1684 αὐτός,
1219 1595 1263 1679 Ιό

85 1697 123 1764 δὲ
145 1695 440 1785 τόποςὸιαφέρει
463 1722 491 1782 p.
511 1700 568 1784 923
604 1702 643 1785 τῇ
667 1696 729 1784 μὲν
752 1695 828 1778 όύει
851 1694 1022 1784 ἀφανής,
1047 1701 1052 1784 Ι
1081 1702 1126 1791 τῷ
1152 1698 1189 1766 δὲ
1212 1705 1263 1766 λο-

84 1799 193 1886 γισμῷ
218 1793 394 1883 φανερός
416 1820 445 1881 p.
465 1799 517 1862 94.
551 1801 659 1880 quibus
683 1803 816 1864 artificiis
839 1804 865 1862 si
889 1802 1025 1863 addimus
1048 1803 1188 1881 asyndeta
1212 1797 1264 1885 (cl.

85 1897 121 1960 οἱ
147 1892 185 1960 δὲ
213 1893 387 1972 νοσέοντες
415 1890 684 1960 ἀπαλλάσσονται
708 1895 776 1961 τόν
799 1898 964 1980 μεγίστων
988 1899 1100 1963 κακῶν
1124 1893 1180 1962 διὰ
1203 1892 1264 1982 τὴν

83 1991 219 2078 τέχνην·
266 1988 417 2076 νούσων,
445 1989 576 2075 πόνων,
605 1990 725 2078 λύπης,
755 1989 909 2058 θανάτου
931 2017 960 2077 p.
980 1993 1038 2081 90)
1067 2006 1155 2078 atque
1178 2017 1262 2078 parc·

84 2095 189 2157 chesin
214 2085 268 2175 (τόι
291 2086 355 2176 γὰρ
380 2088 514 2175 σώματα
538 2085 686 2156 ...ὑπὸ
715 2089 886 2174 τρισσέων
912 2094 1059 2177 τροφῶν
1085 2091 1263 2180 τρέφεται;

84 2191 154 2253 ἐστι
189 2185 226 2253 bi
259 2189 339 2274 τῇσι
370 2191 524 2276 τροφῇσι
555 2184 695 2276 ταύτῃσι
728 2192 835 2256 ταῦτα
867 2185 912 2254 τὰ
943 2185 1114 2274 οὐνόματα
1143 2216 1172 2276 p.
1196 2189 1264 2278 92),

85 2294 157 2353 satis
181 2293 241 2352 iam
265 2289 419 2352 scribendi
441 2310 536 2370 genus
559 2289 651 2352 libelli
669 2294 765 2352 nostri
788 2290 908 2365 uidetur
931 2289 1121 2356 illustratum.

177 2883 242 2953 Qua
267 2881 380 2940 ratione
403 2886 542 2940 ueterum
564 2880 755 2959 physicorum
774 2880 890 2960 placitis
910 2883 956 2940 usi
976 2881 1036 2940 sint
1055 2882 1204 2960 sophistae
1225 2884 1260 2944 de

85 2981 234 3041 medicina
271 2978 454 3038 disserentes
492 2996 610 3056 quoque
647 2977 733 3038 modo
773 2980 962 3059 scripserint,
1005 2979 1140 3058 exemplo
1173 2983 1263 3041 mani·

87 3083 210 3140 festum.
257 3076 382 3155 amplius
406 3078 586 3155 perspicitur
610 3076 842 3154 disputationum
868 3079 994 3137 materia
1021 3097 1038 3137 e
1062 3077 1154 3138 libelli
1176 3071 1264 3156 περὶ

85 3171 247 3239 νούσων
270 3168 304 3234 α’
330 3193 414 3253 capp.
433 3172 549 3254 1—10,
572 3175 681 3253 quibus
704 3175 741 3235 de
765 3175 936 3237 morborum
960 3179 1114 3238 curatione
1132 3185 1164 3237 et
1183 3184 1263 3238 recte

84 3292 234 3362 qiraerere
265 3271 435 3334 uolentibus
459 3283 488 3334 et
512 3276 667 3352 quaerenti
690 3274 871 3353 respondere
897 3274 1065 3335 et'obiecta
1088 3277 1264 3354 impugnare

85 3378 247 3453 praecepta
275 3370 383 3431 dantur
412 3360 464 3451 (ὃς
487 3363 530 3431 ἀν
561 3365 635 3453 περὶ
667 3364 773 3453 ἐήσιος
798 3366 897 3455 ἐθέλῃ
922 3367 1071 3454 ἐρωτᾶν
1094 3392 1128 3433 τε
1153 3363 1266 3452 ὀρθῶς

86 3464 143 3531 καὶ
163 3465 362 3550 ἐρωτῶντι
387 3459 679 3549 ἀποκρίνεσθαι
697 3463 752 3531 καὶ
771 3460 998 3550 ἀντιλέγειν
1018 3463 1143 3552 ὀρθῶς,
1167 3465 1264 3531 ἐνθυ-

87 3563 232 3649 μέεσθαι
255 3560 317 3647 χρὴ
341 3559 423 3627 τάθε
446 3566 483 3626 Vl
506 3587 534 3646 p.
551 3564 615 3628 140
624 3561 672 3649 L).
700 3570 882 3647 praecipitur
906 3567 942 3628 de
967 3568 1057 3628 rebus
1081 3576 1161 3629 octo:
1184 3566 1263 3628 unde

87 3665 225 3728 accidant
257 3664 427 3726 hominibus
459 3683 562 3725 omnes
595 3664 691 3726 morbi
722 3659 798 3747 (cap.
819 3661 867 3747 2);
904 3684 978 3744 quae
1004 3668 1170 3726 necessarie
1194 3683 1263 3725 eue-
1298 3705 1301 3711 ,

88 3768 173 3826 uiant
205 3765 236 3822 in
265 3762 377 3823 morbis
405 3762 479 3824 bona
509 3763 642 3841 malaque
670 3757 748 3843 (cap.
777 3760 806 3824 3.
830 3760 852 3823 4
880 3753 983 3824 ὁκόσα
1007 3755 1180 3843 ἀνάγκας
1198 3761 1264 3842 ἔχει

88 3859 157 3924 τῶν
181 3855 413 3944 νοσημάτων);
437 3860 561 3922 docetur
584 3859 620 3920 de
645 3860 688 3919 eis
711 3878 787 3937 quae
807 3873 972 3939 opportuna
993 3854 1069 3943 (cap.
1085 3856 1106 3921 5
1124 3847 1263 3940 καιροί);

89 3979 166 4038 quae
190 3967 355 4037 peccentur
378 3961 410 4019 in
429 3957 634 4020 curationibus
653 3976 787 4036 quaeque
808 3967 889 4020 recte
908 3966 1033 4039 agantur
1052 3977 1114 4038 cap.
1129 3955 1163 4038 63
1187 3957 1262 4017 lorte

89 4061 209 4118 iortuna
234 4075 309 4135 quae
333 4067 363 4117 et
386 4076 440 4136 per
464 4076 496 4117 se
517 4055 654 4122 ¹accidant
677 4047 729 4136 (τὰ
749 4045 786 4117 δὲ
804 4049 918 4118 τοιάδε
936 4048 1169 4137 ἀνθρώποισιν
1188 4047 1263 4116 ἀπὸ

87 4146 342 4235 ταύτομάτου
374 4150 411 4215 ἐν
443 4152 518 4236 τῇσι
550 4147 704 4216 νούσοισι
737 4153 863 4233 γίνεται
886 4147 942 4214 καὶ
964 4143 1077 4233 ἀγαθά
1101 4147 1157 4214 καὶ
1179 4145 1264 4213 κακά
1357 4215 1364 4232 ,

89 4273 153 4332 cap.
179 4247 213 4334 i)
241 4261 272 4312 et
299 4252 422 4312 medicis
450 4254 622 4328 contingant
649 4246 848 4335 (ἐπιτυχίη
878 4245 915 4314 δὲ
941 4245 982 4312 τὰ
1010 4243 1124 4312 τοιάδε
1152 4247 1187 4312 ολ
1215 4248 1263 4310 l-

88 4343 163 4433 τροὶ
190 4345 363 4414 ποιέουσιν
392 4346 428 4414 ἐν
455 4347 495 4432 τῇ
524 4349 685 4434 θεραπείη
710 4369 771 4431 cap.
792 4346 842 4433 8);
873 4351 1016 4430 proximis
1039 4349 1168 4430 denique
1192 4348 1262 4410 duo·
