2994 4898
571 222 790 287 ..55-

99 389 258 447 uniuersae
287 387 432 467 principia
461 394 597 466 receptas
626 399 691 446 esse
720 385 805 446 allert
833 385 938 446 editor
957 384 1179 468 Francogallus,
1207 405 1266 447 non

97 483 1262 563 mmmmemmmwmwmfflmomwmnMOEWmhm

95 601 162 642 rum
187 581 295 666 altero,
318 582 498 664 Stohaeano,
521 581 717 662 Empedoclea
736 582 922 664 referuntur,
946 601 1004 644 non
1024 582 1151 642 Zenonis
1170 583 1265 644 Melis·

94 682 159 741 siue
182 680 290 760 placita
314 673 365 764 (el.
390 678 495 740 Dieles.
520 680 645 760 Doxogr.
664 700 692 760 p.
712 676 786 758 303,
806 673 876 761 2l):
900 679 1001 762 altero,
1025 680 1190 764 Laertiano,
1213 681 1264 744 Ze·

94 771 1029 862 immmmmmfifflfflssmfflmhpfflhw

185 875 318 938 Aliorunr
342 876 481 955 indagare
506 875 649 936 debemus
673 875 917 956 philosophorum
949 895 1017 937 cnm
1040 877 1162 938 medicis
1186 869 1264 960 ὑπο-

91 969 225 1036 θέσεων
254 973 365 1054 φίλοις
394 975 596 1034 conexionem.
644 973 719 1034 hene
749 974 874 1058 quadrat
896 975 1064 1035 Aristotelis
1083 975 1118 1035 de
1144 976 1263 1054 qualita-

94 1072 174 1133 tibus
199 1071 414 1152 elementisque
437 1072 587 1152 doctrina,
615 1073 646 1131 in
674 1071 750 1132 libro
779 1071 816 1132 de
840 1071 927 1132 Caelo
955 1075 1045 1133 tertio
1073 1076 1204 1153 itemque
1233 1077 1264 1135 in

92 1160 1266 1253 mmmmpwfflw(mpssfflaffi)wmmmmdeffimmmmm

92 1269 300 1348 Corruptione.
313 1276 478 1349 quartoque
498 1267 796 1347 Meteorologieorum
820 1270 967 1348 exposita,
993 1267 1175 1344 ubimultas
1199 1273 1264 1349 qui-

92 1369 160 1429 dem
191 1385 259 1427 esse
292 1368 516 1428 contrarietates
549 1373 630 1427 tactu
659 1383 733 1445 quae
766 1367 970 1445 percipiantur
1000 1365 1088 1428 docet
1116 1366 1264 1449 Stagirita,

90 1458 1262 1545 afflwmmmfflmfflmwwmmwfflmmm

91 1573 194 1625 tentur
219 1549 366 1645 uicissim)
392 1562 519 1624 calidum
548 1562 703 1643 frigidum,
732 1563 844 1622 siccum
873 1561 1028 1622 humidum
1060 1564 1263 1624 tantummode

90 1657 269 1744 (στοιχεῖα,
298 1651 413 1742 ἀρχαί,
436 1662 525 1722 αἴτια
548 1658 616 1723 τῶν
640 1652 841 1742 στοιχείων),
870 1677 996 1738 quarum
1025 1660 1262 1738 copulationibus

89 1768 232 1840 quattuor
265 1757 392 1820 euadere
426 1758 571 1819 elementa
603 1751 779 1838 (στοιχεῖα,
810 1749 851 1817 τὰ
884 1748 1074 1837 καλούμενα
1107 1767 1262 1839 στοιχεῖα,

88 1850 178 1920 ἁπλᾶ
204 1850 363 1940 σώματα).
402 1855 472 1936 quid
492 1875 567 1917 uero
586 1873 736 1917 moramur
756 1856 787 1916 in
806 1855 978 1932 Aristotele,
997 1873 1056 1934 quo
1076 1854 1168 1917 multo
1188 1859 1261 1917 anti·

90 1959 227 2036 quierem
252 1973 318 2015 esse
337 1954 470 2036 libellum
490 1955 614 2034 quaeuis
633 1956 738 2034 pagina
758 1952 876 2035 clanrat,
899 1954 969 2014 inde
988 1952 1024 2013 ab
1044 1954 1261 2015 Anaximandro

88 2073 143 2132 per
167 2051 371 2132 philosophiae
400 2049 555 2110 historiam
587 2069 654 2111 cum
677 2053 820 2132 prosequi
848 2050 936 2112 liceat
963 2051 1137 2131 qualitatum
1165 2055 1260 2113 notio·

88 2148 180 2212 nem?
225 2157 315 2228 atquc
343 2149 413 2210 huic
443 2148 563 2228 quidem
593 2168 609 2209 e
633 2151 756 2210 materia
779 2149 892 2209 infinita
917 2147 1043 2210 calidum
1068 2158 1098 2211 et
1121 2151 1261 2230 frigidum
1340 2177 1342 2182 ·

87 2249 218 2310 discreta
244 2247 398 2328 placuisse,
422 2265 549 2325 quorum
573 2249 702 2307 mixtura
725 2247 881 2309 humidum
905 2248 1015 2332 laetum
1040 2256 1132 2329 esset,
1163 2259 1260 2309 terrae

87 2349 167 2408 aeris
186 2345 264 2424 globi
285 2347 362 2424 ignei
386 2347 580 2426 principium,
599 2344 821 2424 Theophrastus
842 2345 996 2406 rettulerat
1014 2348 1043 2406 in
1064 2345 1260 2425 Opinionihus

88 2445 219 2526 physicis
244 2438 287 2524 (id
312 2443 390 2523 quod
415 2462 431 2503 e
457 2442 601 2522 Simplicii
624 2442 702 2504 Aelii
724 2441 992 2521 Pseudoplutarchi
1015 2443 1176 2505 Eusebiani
1199 2447 1259 2524 epi-

88 2544 177 2604 tomis
206 2541 303 2602 eluoet
332 2541 368 2602 cf.
397 2540 523 2620 lloxogr.
550 2559 578 2620 p.
602 2534 688 2623 134).
735 2559 810 2619 quae
838 2544 913 2602 ratio
943 2561 1013 2603 num
1042 2544 1101 2634 cui,
1122 2552 1259 2604 ueterum

87 2639 249 2720 probabilis
278 2639 342 2700 uisa
372 2639 411 2699 sit
438 2640 553 2700 nescio:
580 2637 777 2700 Anaximenes
806 2647 887 2700 certe
917 2658 952 2700 cx
981 2659 1048 2701 aere
1079 2650 1186 2702 cuncta
1210 2642 1258 2702 de·

86 2741 201 2801 ducens
221 2737 450 2799 condensatione
470 2743 500 2797 et
523 2738 732 2798 extenuatione
757 2737 835 2816 quod
860 2737 1094 2800 condensaretur
1118 2739 1257 2818 frigidum

89 2857 158 2900 curn
179 2836 333 2916 iudicaret,
352 2834 479 2896 calidum
500 2834 579 2914 quod
599 2842 811 2895 extenuaretur
830 2827 874 2914 (id
890 2835 969 2914 quod
988 2836 1057 2897 inde
1076 2836 1258 2898 conclusisse

88 2955 158 2997 eum
181 2935 360 2996 Plutarchus
384 2935 477 2996 refert
500 2935 531 2993 in
546 2935 717 3016 ,scriptione
746 2932 782 2992 de
811 2933 906 3012 primo
930 2931 1050 3012 Frigido
1074 2933 1100 2993 ll
1122 2953 1150 3013 p.
1173 2932 1258 2996 1160

58 3030 1258 3113 hmmmnwmmmmwmmmmmmmmffifflt

86 3150 177 3212 quem
196 3131 351 3191 densatum
374 3129 459 3190 labiis
485 3125 688 3211 compressis),
711 3132 777 3190 iure
796 3108 938 3209 imposuit
958 3129 1068 3211 multis,
1091 3133 1169 3192 sicut
1188 3131 1257 3190 Dio-

86 3232 155 3310 geni
179 3227 380 3309 Apolloniatae
403 3263 448 3272 -
471 3247 559 3308 quern
590 3231 683 3290 denso
714 3229 876 3288 conuenire
901 3227 1053 3304 frigidum
1077 3231 1216 3289 statuisse
1240 3249 1255 3288 e

85 3326 284 3406 Theophrasti
317 3335 457 3405 excerpto
492 3325 647 3386 Laertiano
681 3325 838 3406 concludo,
876 3344 934 3403 quo
968 3321 1065 3405 πῆξιν
1098 3315 1163 3386 ὑπὸ
1195 3324 1257 3386 τοῦ

85 3420 219 3506 ψυχροῦ
243 3425 358 3503 cepisse
382 3431 492 3485 terram
515 3422 657 3502 placitum
681 3423 811 3482 refertur
835 3421 874 3481 lll
898 3420 932 3484 9:
956 3426 1090 3484 calidum
1114 3427 1198 3484 tenui
1220 3443 1255 3484 ex

85 3518 1255 3605 QmfflmfflMmmmwmmfflmmfflmfflmmm

85 3611 1252 3704 wommmfflmffimhmhlmphssssQmMMm

86 3717 394 3798 Pseudoplutarcheo,
422 3737 481 3796 quo
510 3719 587 3778 aeris
616 3715 767 3777 rationalis
790 3715 936 3776 densitate
960 3717 1097 3796 impediri
1120 3717 1254 3778 animalia

87 3819 224 3880 docuisse
248 3815 376 3876 traditur
395 3813 603 3896 Apolloniates,
627 3816 786 3894 quominus
810 3813 1010 3893 intelligerent
1033 3800 1254 3877 aut‘sentirent

85 3911 127 3999 (p.
143 3911 217 3995 432,
232 3911 275 3975 23
289 3906 430 3994 Doxogr.)
454 3947 499 3956 -
522 3932 578 3974 nec
601 3933 660 3974 non
684 3915 887 3993 Anaxagorae,
910 3929 978 3972 aera
1002 3911 1127 3973 densum
1150 3920 1181 3972 et
1204 3914 1254 3973 sri-

84 4013 198 4094 gidum,
231 4011 350 4072 aethera
379 4007 500 4072 tenuem
530 4019 561 4072 et
588 4011 714 4073 calidum
742 4011 885 4072 iudicanti
913 4006 1075 4093 (Theophr.
1105 4010 1140 4070 de
1169 4009 1253 4072 Sens.

84 4104 718 4193 pfflhhfflmmlhhrhpfflss

174 4208 307 4269 Calidum
331 4215 361 4268 et
380 4207 520 4287 frigidum
539 4217 569 4268 et
592 4209 736 4286 principia
756 4207 917 4268 materialia
937 4214 1045 4268 statuta
1065 4226 1131 4268 esse
1150 4209 1252 4270 mundi

87 4310 220 4370 uniuersi
244 4306 280 4368 ah
303 4307 532 4386 antiquissimis
545 4304 725 4386 physiologis
753 4313 784 4366 et
811 4306 966 4386 principiis
989 4307 1088 4366 iuncta
1113 4309 1250 4385 cognoui·
1310 4299 1314 4302 ζ
