2936 4902
701 277 917 341 ..14-

225 445 355 505 66111666
371 439 514 524 quaestio,
536 451 568 502 nt
583 442 711 502 APatino
725 442 754 501 id
771 441 849 520 quod
865 443 895 500 in
911 441 1017 501 studiis
1032 439 1208 538 lderacliteis
1228 442 1365 519 promisit
1373 433 1399 519 1)

224 545 418 603 remittamus:
465 559 591 620 namque
616 543 655 620 is,
678 549 834 618 postquam
858 539 1011 618 bernaysii
1035 541 1066 599 ni
1089 538 1174 599 fallor
1198 538 1400 626 admonitione

106 667 108 677 ¹
223 635 384 722 impulsus,
417 658 492 718 quae
521 639 630 717 legitur
660 640 690 697 in
720 636 840 697 aureolo
869 636 918 696 illo
948 637 983 697 de
1009 637 1144 716 epistulis
1167 637 1343 698 Heracliteis
1366 636 1400 696 11-

224 732 335 821 1161162)
357 759 385 818 p.
409 734 472 799 145
487 755 561 816 666,
585 744 614 796 61
638 735 813 815 compilasse
832 734 973 795 Heracliti
994 733 1103 795 librum
1118 743 1148 794 et
1162 737 1308 796 imitatum
1333 752 1400 794 esse

223 838 439 897 demonstrauit
463 844 614 896 auctorem
638 826 727 915 περὶ
750 830 901 914 τροφῆς
924 826 979 914 (IX
997 853 1025 912 p.
1041 829 1083 894 98
1099 851 1162 912 sqq.
1186 828 1233 914 L),
1258 850 1345 910 66661
1370 839 1401 890 61

223 938 320 1016 ipsum
341 929 415 1017 περὶ
440 931 568 1012 διαίτης
586 951 662 1011 opus
686 933 901 1010 conscripsisse
924 930 1051 1010 probare
1077 930 1185 1012 studet,
1206 963 1243 972 -
1266 932 1297 989 16
1321 930 1401 989 66166

225 1034 305 1094 docti
334 1031 470 1112 opusculi
498 1034 528 1091 16
557 1031 699 1090 bonorem
729 1029 892 1090 LVrlicbsii
920 1031 1023 1108 scripti
1043 1028 1234 1089 Zellerianam
1259 1028 1295 1087 de
1312 1036 1401 1104 cele-

224 1135 267 1192 116
295 1130 468 1193 auctoribus
485 1123 632 1210 Ιῥέοντος
660 1131 754 1189 666111
778 1131 954 1189 sententiam
979 1130 1214 1188 examinaturum
1245 1145 1310 1186 6666
1334 1145 1402 1186 6666

223 1228 388 1309 pollicetur.

315 1499 461 1576 Relinquo
494 1497 566 1557 11666
600 1496 637 1556 de
669 1496 913 1557 heraclitissantis
947 1497 1011 1556 siue
1043 1497 1132 1556 66166
1170 1495 1234 1554 6166
1274 1493 1402 1554 duorum

226 1599 346 1676 scriptis
370 1595 475 1675 studia,
499 1613 515 1654 6
540 1594 649 1674 quibus
673 1613 778 1655 nerum
803 1613 868 1655 6666
893 1593 1014 1672 Ephesii
1034 1592 1104 1653 illud
1128 1586 1271 1671 πόλεμος
1294 1583 1403 1672 πατῆρ

225 1688 362 1755 πάντων
386 1693 500 1753 discere
525 1692 609 1771 licet,
632 1694 676 1752 eis
700 1695 749 1771 661
773 1711 893 1754 1666616
917 1680 1099 1753 iniecerunt:
1128 1693 1192 1769 ipse
1216 1690 1403 1750 611666661-

226 1795 269 1854 los
298 1793 481 1853 collectionis
507 1784 731 1869 Hippocraticac
755 1790 847 1851 libros
870 1809 917 1851 me
942 1799 1099 1870 conuerte,
1132 1807 1148 1869 6
1173 1787 1281 1868 quibus
1304 1792 1404 1866 666111·-

117 1910 121 1918 ’
226 1899 292 1950 6166
311 1890 347 1949 116
368 1889 512 1950 166δί6166
533 1887 680 1966 quomodo
700 1890 875 1967 scripserint
894 1896 924 1948 61
943 1888 1175 1949 declamauerint
1194 1887 1309 1948 discere
1324 1887 1403 1946 lieet.

798 2053 828 2138 Ι.

316 2193 445 2255 Exordio
471 2191 539 2253 libri
563 2187 638 2273 περὶ
658 2184 781 2273 φύσιος
800 2183 984 2271 άνθράπον
1003 2209 1078 2270 6666
1097 2190 1237 2270 leguntur
1257 2190 1404 2270 capitibus

227 2291 333 2372 1111166,
358 2301 515 2371 antequam
535 2291 726 2351 clarissimam
746 2289 876 2350 1116111116
892 2297 1032 2369 quattuor
1047 2288 1222 2350 humoribus
1238 2288 1403 2349 doctrinam

228 2392 362 2470 eorporis
382 2390 501 2450 11616661
522 2389 676 2450 6161666116
696 2392 816 2468 exponit
836 2396 948 2468 auctor,
967 2389 1111 2467 prooemii
1131 2386 1195 2448 loco
1210 2396 1240 2448 et
1255 2387 1405 2467 sophistas

230 2488 372 2568 quosdam
388 2496 418 2548 61
431 2489 563 2548 medicos
578 2487 768 2548 breuiuscula
783 2489 878 2566 carpit
892 2486 1099 2565 disputatione.
1124 2487 1158 2546 ad
1175 2505 1262 2564 qoam
1276 2494 1404 2548 tractan-

228 2587 294 2646 dam
316 2588 393 2645 61661
416 2591 590 2654 6161666166,
604 2587 797 2663 scriptionem
819 2578 894 2665 περὶ
914 2575 1053 2664 ἀρχαίης
1068 2581 1217 2664 ἰητρικῆς
1231 2603 1404 2664 comparan-

227 2693 283 2745 tes.
312 2685 441 2744 66116666
456 2692 554 2744 661661
570 2686 655 2744 66116
670 2682 745 2743 liber
760 2692 861 2743 contra
878 2700 980 2743 eorum
996 2681 1225 2742 declamationes
1240 2701 1273 2742 ac
1288 2681 1405 2742 libellos

229 2773 359 2865 (ὁκόσοι
380 2776 594 2862 ἐπεχείρησαν
614 2775 688 2861 περὶ
711 2777 858 2861 ἰητρικῆς
876 2773 984 2858 λέγειν
1004 2767 1024 2858 ῆ
1044 2772 1187 2861 γράφειν
1259 2799 1404 2856 καταφα-

228 2875 300 2953 νέες
319 2873 404 2941 εἰσὶν
424 2869 672 2961 ἁμαρτάνοντες
689 2879 702 2938 l
717 2897 744 2958 p.
760 2875 825 2939 570
839 2871 891 2960 L),
911 2879 961 2956 qui
981 2877 1017 2936 de
1038 2886 1140 2938 uetere
1159 2878 1297 2939 medendi
1317 2878 1404 2938 modo

229 2978 407 3038 decedentes
436 2976 529 3056 proba
558 2975 730 3037 inueniendi
760 2977 807 3035 616
836 2975 938 3036 1611616
966 2975 1021 3036 6116
1045 2979 1158 3038 1611666
1183 2995 1300 3037 causam
1325 2995 1405 3036 mor-

230 3075 336 3135 borum
367 3083 454 3152 atqne
485 3077 588 3135 mortis
619 3081 764 3152 quaerant
785 3075 997 3152 inuenisseque
1022 3092 1086 3134 sese
1111 3074 1275 3152 glorientur
1299 3065 1406 3156 (ὅστις

230 3167 267 3234 δὲ
298 3170 402 3234 ταῦτα
435 3163 615 3252 ἀποβαλών
647 3165 701 3232 καὶ
734 3162 984 3250 ἀποδοκιμάσας
1006 3164 1114 3232 πάντα
1138 3165 1284 3252 <6611τδι
1309 3163 1405 3254 εὑρη-

229 3266 334 3351 μένα>
370 3265 462 3352 ἑτέρη
496 3265 564 3354 ὁδῷ
597 3263 652 3330 καὶ
686 3263 784 3354 ἑτέρῳ
818 3261 958 3349 σχῆματι
992 3265 1162 3351 ἐπιχειρέει
1196 3265 1319 3350 ζητέειν
1349 3267 1405 3331 καὶ

230 3361 330 3449 φῆοει
353 3387 384 3428 τι
409 3358 596 3449 εὑρηκέναι,
621 3360 817 3446 ἐξηπάτηται
840 3361 895 3428 καὶ
919 3364 1126 3448 ἐξαπατᾶται,
1150 3359 1321 3429 άδύνατον
1340 3361 1405 3449 γάρ

234 3487 262 3546 p.
287 3460 375 3546 572).
422 3484 497 3543 quos
524 3473 681 3545 postquam
710 3466 840 3526 refutare
865 3466 979 3527 studuit
1003 3469 1054 3545 661
1077 3467 1157 3528 hune
1180 3465 1310 3527 libellum
1337 3485 1405 3527 con-

219 3565 368 3643 scripsit,
399 3564 493 3641 capite
521 3565 684 3623 uicensimo
714 3581 802 3642 quam
824 3566 888 3644 ipse
913 3567 1058 3626 rationem
1081 3567 1112 3625 in
1135 3572 1198 3625 arte
1222 3563 1336 3624 medica
1361 3584 1405 3625 66-

232 3661 380 3740 quendam
405 3669 538 3743 censeat,
568 3664 670 3740 paucis
694 3661 909 3742 complectitur.
941 3663 1057 3724 orditur
1081 3662 1117 3723 ab
1141 3681 1244 3722 eorum
1268 3661 1406 3722 doctrina

230 3757 446 3839 impugnanda,
472 3760 522 3836 661
555 3768 649 3820 artem
674 3762 820 3838 cognitam
844 3760 954 3821 babere
974 3763 1123 3822 neminem
1146 3779 1233 3841 posse
1258 3761 1405 3838 dictitent,

231 3859 289 3918 nisi
313 3857 365 3935 661
390 3857 463 3916 66161
487 3856 557 3934 quid
582 3858 731 3918 6111161116
757 3852 906 3939 (λέγουσι
930 3854 970 3920 δέ
989 3879 1077 3933 τινες
1098 3852 1154 3920 καὶ
1182 3853 1312 3940 ἰητροὶ
1340 3853 1406 3919 καὶ

232 3949 422 4037 σοφισταὶ
453 3946 497 4029 ὡς
529 3947 590 4017 οὐκ
623 3955 690 4017 ἔστι
721 3948 867 4017 δυνατὸν
898 3950 1049 4038 ίητρικῆν
1080 3951 1205 4019 εἰδέναι
1238 3947 1328 4030 ὅστις
1360 3950 1405 4037 μῆ

232 4045 325 4116 οἶδεν
345 4045 417 4114 ὅτι
438 4048 544 4115 ἐστὶν
564 4046 788 4137 ἅνθρωπος·
811 4046 895 4115 ἀλλὰ
918 4053 1017 4117 τοῦτο
1042 4053 1096 4117 δεῖ
1115 4057 1322 4135 καταμαθεῖν
1345 4049 1406 4116 τὸν

305 4219 331 4286 1)
352 4217 582 4283 Quellensbudien
602 4238 634 4274 zu
653 4219 790 4274 Heraklit.
810 4217 1305 4290 66661161116616111611661166611111166.
1327 4223 1405 4273 1881.

303 4299 332 4367 2)
352 4297 405 4351 Die
424 4299 643 4354 heraklitisehen
667 4301 763 4355 briefe.
807 4301 851 4354 6111
874 4299 985 4367 11611166
1009 4319 1056 4353 zur
1078 4297 1325 4369 philosophischen
1349 4298 1406 4351 uod
1431 4311 1445 4335 ⁰

231 4378 607 4447 religionsgeschichllichen
632 4379 782 4433 1111616161,
827 4384 902 4433 1869.
