2994 4898
711 305 749 316 ...
798 270 926 334 38..

325 435 351 497 1.
389 427 616 496 άντίθετονε

323 552 351 613 p.
366 531 400 595 2:
425 527 497 613 έμολ
521 525 558 593 δέ
582 523 618 592 τὸ
640 526 700 612 μέν
719 551 750 592 τι
773 529 841 593 τῶν
860 522 904 611 μή
929 521 1123 610 εὑρημένων
1143 525 1343 611 ἐξευρίσκειν

235 625 386 706 ξυνέσιος
409 623 517 692 δοκέει
540 622 734 710 ἐπιθύμημά
758 649 792 690 τε
815 623 870 689 καί
894 626 994 709 ἔργον
1018 619 1117 688 εἶναι·
1143 627 1147 702 Ι
1171 619 1208 688 τὸ
1235 620 1271 688 δὲ
1295 619 1415 706 λόγων

235 721 276 790 ού
299 726 411 791 καλιάν
435 722 531 811 τέχνη
555 720 595 788 τά
619 734 689 801 τοῖς
712 719 826 800 άλλοις
848 718 1014 808 εὑρημένα
1043 719 1215 807 αἰσχύνειν
1238 718 1414 806 προθυμέ-

235 830 334 889 εσθαι
358 874 364 889 .
386 875 414 888 ..
439 818 551 889 οὐκέτι
573 819 723 901 ξυνέσιος
747 822 776 886 δ.
800 819 823 885 ἐ.
846 844 872 885 τ.
895 837 924 886 κ.
948 821 971 886 ἐ.
995 821 1019 886 ἐ.

325 920 581 1007 ἐπανορθούντα
603 917 664 1004 μέν
688 917 808 1003 μηδέν,
829 922 834 998 Ι
854 915 1080 1002 διαβάλλοντα
1104 916 1141 984 δέ
1165 915 1204 984 τά
1227 920 1294 985 τῶν
1318 915 1415 983 είδό-

238 1043 304 1085 των
328 1015 411 1103 πρὸς
433 1015 511 1096 τοὺς
534 1014 577 1103 μή
603 1012 732 1094 είδότας
755 1015 967 1102 ἐξευρήματα.

324 1110 434 1181 ούκέτι
450 1113 599 1194 ξυνέσιος
618 1110 812 1199 ἐπιθύμημα
825 1138 859 1179 τε
879 1112 934 1180 καὶ
949 1118 1059 1202 ἔργον,
1080 1121 1085 1197 Ι
1104 1111 1189 1180 ἀλλὰ
1208 1119 1414 1200 κακαγγελίη

235 1217 362 1300 μᾶλλον
386 1209 517 1298 φύσιος.

323 1310 608 1396 φιλοτιμεομένων
631 1309 710 1394 μέν,
730 1311 735 1394 Ι
757 1306 889 1394 οὐδαμά
914 1308 951 1376 δέ
975 1310 1172 1396 δυναμένων
1196 1306 1413 1397 ὑπουργέειν.

322 1434 351 1494 p.
376 1405 490 1481 6;,6τι
517 1405 578 1493 μέν
607 1411 691 1474 ἔνιοι
719 1407 963 1492 έξυγιαίνονται
1073 1404 1299 1493 ὁμολογέεται,
1325 1414 1329 1488 Ι
1356 1405 1414 1474 ὅτι

237 1505 274 1575 δέ
298 1502 339 1574 06
364 1503 498 1590 πάντες,
523 1501 688 1594 ἐντούτῳ
712 1501 777 1622 666
802 1505 935 1590 ψέγεται
959 1502 979 1590 6
1003 1506 1109 1591 τέχνη.

220 1597 224 1606 ’
324 1606 424 1690 μ16ε
446 1600 541 1668 τά
506 1628 568 1688 μεν
586 1599 650 1689 γάρ
670 1598 752 1689 πρὸς
770 1627 811 1666 τα
796 1598 920 1681 ἐντὸς
938 1605 1143 1690 τετραμμένα
1163 1605 1199 1670 ἐν
1219 1601 1389 1693 δνσόπτφ,
1409 1605 1413 1693 Ι

238 1701 278 1770 τὰ
304 1701 341 1769 δέ
365 1702 623 1782 ἐξανθεύντα..
639 1701 707 1768 ,ἐν
728 1696 869 1790 εύδήλφ.

324 1825 353 1885 p
368 1802 424 1866 26:
449 1800 485 1866 οἵ
505 1823 539 1865 τε
557 1800 622 1864 νῦν
641 1795 816 1882 λεγόμενοι
834 1796 929 1884 λόγοι
950 1801 1126 1886 δηλοῦσιν
1147 1801 1210 1890 Ι
1172 1827 1207 1867 αι
1226 1827 1259 1868 τε
1278 1803 1345 1869 τῶν
1366 1805 1413 1868 εἰ-

238 1897 348 1966 δότων
371 1895 434 2019 τήν
457 1895 577 1983 τέχνην
601 1895 771 1976 ἐπιδείξας
794 1910 849 1963 etc.
874 1911 929 1965 οῑο.

326 1999 355 2062 2.
393 1992 607 2062 ἀντίθετον
631 2008 661 2060 ελ
684 1991 868 2080 πάρισονε

325 2120 351 2178 p
378 2088 455 2160 2:
435 2119 455 2180 6
481 2088 611 2178 όρθδιέ
612 2090 692 2158 όντα
717 2089 925 2178 διαβάλλειν,
946 2089 992 2179 Ιή
1017 2091 1079 2160 ούκ
1098 2090 1186 2183 ὀρθά
1205 2094 1412 2216 μωμέεσθαι.

324 2141 581 2308 θρασυνόμενος
603 2187 665 2275 μέν
694 2186 750 2255 διὰ
773 2188 913 2270 τούτους
941 2186 1001 2270 οὓς
1023 2191 1132 2278 ψέγει,
1153 2196 1158 2270 Ι
1179 2188 1348 2312 εύπορέων
1374 2193 1414 2263 δε

239 2287 295 2357 διὰ
320 2285 382 2374 τήν
400 2287 520 2375 τέχνην
543 2314 563 2375 6
550 2277 723 2372 βοηθεῖ,
744 2292 748 2367 Ι
770 2285 958 2373 δυνάμενος
978 2287 1014 2356 δέ
1033 2288 1090 2356 διδι
1109 2296 1234 2376 σοφίην
1252 2291 1273 2379 6
1297 2298 1413 2358 πεπαί-

238 2390 360 2456 δευται.
468 2447 472 2452 .

326 2509 355 2570 p.
379 2489 413 2552 8:
445 2482 485 2550 τά
509 2479 631 2570 μέν
593 2508 657 2569 γαρ
682 2478 900 2568 ὠφελήσαντα
923 2489 968 2577 τῷ
999 2483 1112 2570 ὀρθῶς
1139 2491 1413 2574 προσενεχθῆναι

239 2582 432 2673 ὠφέλησαν·
453 2581 457 2670 Ι
477 2579 518 2647 τά
542 2580 580 2648 δέ
602 2578 777 2666 βλάψαντα
799 2585 845 2674 τῷ
868 2583 982 2670 μηκέτι
1006 2582 1119 2672 ὀρθῶς
1142 2590 1412 2674 προσενεχθῆναι

238 2685 395 2766 ἔβλαψαν.

153 2779 157 2787 ’
326 2805 353 2864 p.
371 2781 424 2845 10:
447 2790 533 2845 τοῖσι
556 2775 618 2864 μέν
642 2780 807 2862 ίητροίσιν
830 2781 937 2844 ένεστι
956 2775 995 2844 τὰ
1015 2776 1059 2866 μή
1081 2778 1200 2846 δέοντα
1220 2779 1381 2862 ἐπιτάξαι·
1403 2784 1406 2872 Ι

237 2890 324 2944 τοῖσι
348 2874 385 2944 δέ
407 2871 673 2943 νοσέουσινόύκ
696 2879 802 2941 ένεστι
826 2873 865 2942 τά
890 2875 1143 2964 προσταχθέντα
1166 2882 1364 2965 παραβῆναι.
1410 2949 1412 2954 ,

326 3001 355 3060 p.
381 2978 436 3042 12:
459 2971 636 3060 άλγέοντες
658 2971 720 3058 μέν
744 2974 781 3039 ἐν
804 2975 848 3062 τῷ
872 2971 1047 3059 παρεόντι,
1068 2973 1071 3062 Ι
1093 2973 1296 3061 φοβεόμενοι
1316 2975 1354 3044 δέ
1372 2975 1410 3044 τὸ

238 3071 362 3159 μέλλον
389 3072 445 3139 καλ
472 3071 611 3159 πλήρεες
638 3070 700 3156 μέν
727 3074 785 3156 τῆς
812 3069 955 3156 νούσου,
981 3069 985 3160 Ι
1010 3071 1118 3139 κενεολ
1148 3071 1185 3140 δέ
1214 3079 1328 3141 σιτίων

239 3167 302 3238 οὐκ
325 3166 512 3236 ἀποθανεῖν
537 3165 696 3256 ὁρῶντες,
717 3167 721 3257 Ι
742 3165 827 3235 άλλδι
851 3181 1022 3255 καρτερεῖν
1050 3165 1302 3250 άδυνατέοντες·
1332 3169 1411 3251 τούς

239 3267 300 3354 μὲν
324 3268 468 3346 δεόντως
491 3265 694 3350 ἐπιτάσσειν,
717 3265 797 3344 τοὺς
820 3265 857 3334 δέ
881 3265 1015 3346 είκότως
1038 3263 1242 3335 άδυνατέειν.

326 3369 426 3450 μ16ε
449 3363 488 3432 τά
512 3390 546 3432 τε
569 3369 627 3451 τῆς
650 3367 802 3449 παιδείης
824 3363 869 3450 μή
889 3363 1055 3448 ἐκποδών,
1075 3365 1080 3451 Ι
1100 3364 1140 3430 τά
1160 3391 1194 3431 τε
1212 3369 1269 3451 τῆς
1288 3365 1413 3452 φύσιος

238 3460 283 3548 μή
307 3467 506 3580 ταλαίπωρα.
571 3478 573 3483 ’

327 3587 355 3674 p.
379 3564 435 3628 2οε
460 3556 522 3627 ὅσα
541 3557 609 3679 γάρ
633 3557 784 3645 τὴντῶν
808 3557 965 3646 ὀμμάτων
990 3557 1070 3640 ὄψιν
1094 3559 1261 3679 ἐκφεύγει,
1282 3559 1287 3650 Ι
1307 3567 1413 3630 ταῦτα

238 3662 277 3746 τῇ
302 3661 360 3744 τῆς
382 3659 515 3744 γνώμης
538 3655 614 3738 ὄφει
637 3656 832 3742 κεκράτηται
856 3673 914 3723 etc:
936 3670 991 3723 εῑο.

328 3759 357 3821 3.
393 3759 688 3873 παρονομασίας

328 3878 356 3937 p.
370 3855 406 3918 4:
428 3877 468 3917 τα
454 3849 526 3918 δέ
544 3855 634 3918 είδεα
649 3848 690 3918 06
710 3850 1029 3938 νομοθετήματα,
1044 3848 1129 3918 άλλδι
1148 3851 1415 3939 βλαστήματα.

327 3975 355 4036 p.
371 3953 405 4016 6:
428 3946 507 4027 τοὺς
529 3945 782 4035 ἀποφεύγοντας
810 3945 894 4015 αὐτὰ
921 3946 1017 4037 τύχη
1042 3945 1262 4036 άποφεύγειν,
1289 3951 1346 4018 καὶ
1373 3951 1417 4021 ού

239 4046 295 4117 διὰ
319 4045 379 4132 τήν
402 4043 553 4133 τέχνην.

328 4157 414 4212 τοῖσι
438 4143 499 4229 μέν
522 4147 629 4224 κακῶς
651 4144 953 4230 θεραπευομένοισι
972 4143 1138 4231 νοσήμασι
1160 4143 1200 4212 τά
1222 4144 1329 4214 πολλὰ
1351 4147 1421 4236 τήν

239 4239 408 4328 άτνχίην
432 4243 586 4326 ἕπεσθαι,
610 4255 696 4309 τοῖσι
720 4241 757 4309 δέ
781 4245 819 4310 εὐ
842 4241 903 4328 τήν
927 4241 1122 4328 εὐτυχίην

327 4366 354 4427 p.
378 4335 475 4408 16.
455 4366 474 4426 η
500 4345 699 4428 παρουσίη
723 4334 743 4425 ή
768 4337 941 4429 άπουσίη
965 4339 1102 4408 τοιαύτά
1126 4339 1224 4409 ἐστιν.
