2994 4898
594 209 810 272 ..43-

206 374 288 434 Finis
308 377 471 454 imponitur
490 373 771 435 declamatiunculae
791 375 887 452 capite
906 371 981 432 Xlll.
1019 389 1083 432 eam
1103 374 1181 432 enim
1201 390 1289 451 quarn

119 475 208 534 tertio
233 466 274 554 (p.
293 467 384 556 4sq.)
407 473 602 552 praemiserat
621 473 693 533 artis
713 471 914 532 definitionem
938 471 1102 550 respiciens
1122 469 1169 529 bis
1188 465 1290 530 uerbis

114 579 249 650 perorat:
288 561 339 632 ὅτι
368 564 429 650 μέν
458 555 521 632 οὑν
548 565 604 631 καί
633 562 753 650 λόγους
781 565 817 631 έν
845 562 950 651 ἑωυτῇ
979 559 1143 650 εὐπόρους
1170 563 1203 640 ἐς
1232 560 1291 642 τὰς

115 665 307 749 ἐπικουρίας
329 667 395 749 ἔχει
418 657 439 748 ἡ
463 661 607 749 ἰητρικη·
637 661 693 729 καλ
712 658 773 730 οὑκ
797 658 1054 748 εὐδιορθωτοισι
1074 663 1210 739 δικαίως
1229 657 1291 727 οὐκ

114 756 158 827 ἂν
178 761 337 848 ε’γχειρέοι
359 763 435 848 τῇσι
457 758 632 828 νούσοισιν
656 755 676 846 ἢ
702 761 951 847 ίγχειρευμένας
974 756 1226 846 ἀναμαρτήτους
1247 753 1290 825 δν

114 858 263 947 παρέχοι,
284 860 369 926 οἵτε
388 860 453 925 νῦν
472 858 644 944 λεγόμενοι
664 857 759 944 λόγοι
779 860 940 945 δηλοῦσιν
959 859 997 924 αί
1012 882 1046 924 τε
1064 859 1132 924 τῶν
1151 857 1290 924 εἰδότων

113 955 177 1044 τὴν
199 957 321 1044 τέχνην
344 957 515 1038 ἐπιδείξιος
537 963 604 1023 κτλ.
628 955 671 1045 (p.
687 957 753 1045 26).
791 947 866 1042 quae'
886 964 1003 1024 nonita
1024 968 1191 1040 comparata
1211 968 1290 1042 sunt,

115 1071 149 1123 ut
173 1050 406 1122 additamentum
431 1060 535 1122 deesse
559 1063 730 1140 suspiceris.
776 1069 845 1122 sunt
870 1080 942 1122 uero
972 1063 1002 1121 in
1026 1058 1102 1120 libro
1129 1053 1204 1140 περὶ
1233 1049 1289 1140 ἆρ-

113 1158 216 1240 χαίης·
234 1155 398 1242 ἰητρικῆς,
422 1177 497 1239 quae
522 1167 644 1240 cognata
668 1158 838 1242 uideantur,
865 1160 901 1220 de
925 1159 1032 1239 quibus
1056 1161 1113 1220 iam
1137 1159 1309 1238 inquiren-¹

114 1258 186 1318 dunt
210 1267 264 1318 est.

205 1357 246 1418 lle
271 1351 476 1417 ‘innectendo'
500 1359 530 1416 in
560 1356 637 1417 libro
666 1357 702 1417 de
732 1364 791 1418 net.
814 1354 890 1416 Med.
913 1354 991 1435 quod
1023 1355 1203 1418 creberrime
1228 1374 1289 1416 ser·

114 1475 234 1517 monem
254 1475 319 1517 esse
338 1455 484 1536 uidemus,
504 1457 561 1516 etsi
579 1457 747 1534 argumenti
766 1455 910 1534 quandam
930 1454 1036 1515 habeat
1055 1454 1289 1535 explicationem,

114 1565 214 1619 tamen
243 1575 259 1615 e
287 1553 431 1634 peculiari
459 1555 589 1614 auctoris
617 1554 768 1615 scribendi
796 1573 877 1614 more
901 1555 1023 1614 fluxisse
1051 1555 1153 1634 negari
1173 1555 1288 1632 nequit.

45 1674 47 1676 ·
114 1673 175 1714 non
209 1654 282 1714 adeo
316 1652 421 1713 abutar
452 1655 594 1733 patientia
626 1651 761 1735 lectoris‘,
798 1662 832 1714 ut
864 1670 1058 1732 quaecunque
1095 1651 1183 1713 huius
1217 1669 1289 1712 usus

114 1749 251 1830 exempla
276 1750 354 1832 apud
378 1759 531 1812 auctorem
554 1758 690 1811 nostrum
710 1753 886 1826 inuenerint,
910 1750 966 1810 hoc
990 1749 1055 1810 luco
1075 1749 1231 1810 subiciam:
1255 1768 1289 1809 ea

115 1857 232 1910 tantum
262 1847 421 1930 ascribam,
449 1868 465 1908 e
490 1848 598 1928 quibus
622 1847 711 1908 simul
733 1848 813 1910 illius
843 1851 1013 1929 scriptionis
1038 1847 1115 1927 quod
1140 1850 1180 1910 sit
1203 1866 1288 1927 argu·

115 1956 250 2008 mentum
274 1946 490 2026 consiliumque
514 1948 646 2027 perspici
667 1948 771 2025 possit.

210 2045 361 2107 Summam
395 2045 605 2125 disputationis
629 2047 658 2104 in
685 2063 719 2104 eo
743 2047 869 2125 positam
895 2063 961 2106 esse
985 2047 1173 2106 narrauimus
1195 2043 1221 2124 p.
1248 2042 1291 2106 20

116 2151 149 2205 ut
174 2143 433 2224 hypotheticorum
459 2152 623 2204 commenta
648 2151 866 2204 auerterentur.
913 2144 962 2203 cui
985 2145 1069 2223 operi
1097 2150 1131 2203 ut
1162 2142 1290 2203 sufficiat

114 2250 234 2322 auctor,
264 2259 339 2321 quae
362 2241 487 2302 dicenda
511 2244 540 2301 in
565 2249 705 2322 promptu
728 2240 829 2320 babet,
858 2241 970 2320 duplici
999 2240 1107 2320 digerit
1134 2242 1289 2301 ratiocina-

114 2343 211 2402 tione:
239 2358 300 2400 non
328 2347 403 2422 opus
434 2359 499 2401 esse
527 2341 594 2402 ideo
623 2342 710 2400 rrorris
739 2341 923 2420 excogitatis,
952 2341 1020 2418 quia
1048 2338 1187 2400 medendi
1213 2339 1290 2398 ratio

115 2441 225 2518 uiaque
249 2437 438 2498 iamdudum
463 2445 582 2518 reperta
601 2439 648 2517 sit,
671 2439 701 2497 in
720 2436 969 2516 praecedentibus
987 2436 1172 2516 probandum
1195 2438 1290 2497 susci-

114 2540 170 2617 pit,
193 2536 329 2596 historici
354 2553 436 2595 more
460 2553 476 2595 a
499 2535 670 2616 primordiis
693 2536 857 2597 medicinae
880 2554 1066 2616 prosequens
1092 2537 1289 2596 incrementa:

113 2643 201 2716 parte
230 2633 432 2712 subsequente
460 2632 504 2714 (td
529 2641 574 2694 est
600 2633 670 2693 inde
699 2651 715 2693 a
743 2637 838 2714 capite
867 2635 955 2695 tertio
984 2634 1099 2695 decimo
1122 2631 1289 2717 Littreano)

114 2732 240 2814 prolatis
263 2733 380 2800 innisus
404 2733 489 2811 quasi
512 2733 647 2792 eominus
671 2749 739 2792 curn
753 2727 945 2792 ‘aduersariis
968 2731 1105 2792 luctatur.

206 2829 319 2900 Quodsi
352 2847 511 2908 percurres
545 2829 674 2911 singula,
705 2832 834 2908 primum
868 2829 997 2890 oliendct
1031 2828 1154 2890 alterius
1186 2832 1291 2910 capitis

115 2931 249 2990 initium:
284 2925 412 3011 ἰητρικῇ
444 2921 481 2989 δέ
509 2921 617 2988 πάντα
645 2919 747 2988 πολλαί
775 2917 915 3006 ὑπάρχει
943 2921 999 2987 καί
1023 2918 1107 3010 ἄρχη
1131 2921 1187 2988 καί
1211 2918 1291 3000 δδδς

115 3017 333 3108 εὑρημένη,
361 3015 440 3086 καθ’
466 3015 509 3104 ἣν
537 3017 592 3084 καί
619 3018 659 3085 τὰ
689 3016 884 3109 εὑρημένα
912 3017 1027 3108 πολλοί·
1048 3045 1082 3087 τε
1104 3020 1160 3086 καὶ
1184 3023 1292 3099 καλῶς

115 3123 236 3204 ἔχοντα
255 3113 420 3204 εὑρηται
440 3119 475 3184 ἐν
494 3121 605 3208 πολλῷ
626 3117 736 3210 χρόνῳ
756 3117 870 3185 καὶτὰ
891 3107 989 3185 λοιπίι
1010 3114 1290 3205 εὑρεθήσεται,

117 3214 162 3302 ἦν
185 3241 234 3294 τις
258 3213 373 3294 ίκανός
396 3211 425 3280 τ’
452 3212 517 3282 έιὺν
540 3214 596 3280 καί
618 3213 658 3282 τδι
683 3213 881 3303 εὑρημένα
898 3217 1000 3294 εἰδὼς
1025 3217 1059 3282 έκ
1083 3214 1212 3282 τούτων
1235 3211 1290 3304 ὑρ-

116 3311 271 3400 μοίμενος
287 3313 388 3400 ζητέη.
412 3321 442 3379 in
463 3318 571 3398 quibus
586 3319 795 3380 confirmandis
814 3338 882 3380 cum
901 3329 1075 3380 uersaretur
1099 3320 1232 3381 medicus
1254 3321 1290 3382 ad

118 3418 224 3496 capitis
247 3415 416 3476 duodecimi
435 3415 545 3476 calcem
569 3426 674 3498 usque,
698 3420 741 3478 eis
761 3436 834 3498 quas
858 3419 889 3478 in
909 3417 1023 3478 deliciis
1042 3415 1146 3479 habuit
1165 3418 1290 3480 uocibus

117 3505 286 3597 εὑρισκειν
319 3522 349 3574 et
382 3504 510 3594 εὕρημα
543 3515 730 3593 frequentius
759 3515 886 3577 debebat
915 3518 966 3577 uti.
1014 3518 1118 3594 incipit
1146 3535 1162 3576 a
1192 3517 1291 3578 uictus

117 3615 242 3691 ratione,
276 3612 354 3690 quod
379 3613 463 3690 quasi
487 3611 711 3675 fundamentum
730 3615 883 3676 doctrinae
903 3613 1078 3674 substruxit.
1112 3613 1148 3673 ab
1168 3632 1211 3694 ea,
1235 3613 1289 3676 alia

118 3727 188 3771 cum
206 3708 313 3770 debeat
332 3727 398 3770 esse
423 3709 539 3770 uolente
559 3729 694 3790 corpore,
717 3720 888 3789 aegrotante
912 3711 975 3790 alia,
999 3719 1091 3771 totam
1110 3719 1203 3772 artem
1222 3731 1289 3791 pro-

119 3809 227 3918 lectam
246 3825 311 3866 esse
327 3806 451 3868 debere:
474 3800 536 3889 τὴν
554 3801 618 3890 γίιρ
637 3799 745 3890 ἀρχὴν
765 3797 836 3870 οὔτ’
858 3797 901 3868 δν
925 3797 1070 3890 εὑρέθη
1098 3797 1119 3889 ἡ
1147 3801 1245 3889 τέχνη
1270 3800 1290 3888 ἡ

119 3897 249 3986 ἰητρικὴ
274 3895 345 3966 οὔτ’
365 3895 414 3967 dv
438 3899 580 3986 ἰζητήδη
604 3896 722 3989 (οὐδὲν
745 3898 810 3986 γδιρ
834 3897 935 3985 αὑτῆς
959 3898 1053 3990 ἔδει),
1077 3903 1107 3966 εί
1128 3913 1216 3968 τοῖσι
1234 3901 1290 3970 κοί·

117 4016 241 4084 μνουσι
264 4000 331 4064 τῶν
354 3995 548 4084 ἀνθρώπων
571 3997 611 4064 τὰ
635 3996 718 4066 αὑτδι
743 3998 994 4084 διαιτωμένοισί
1013 4023 1047 4064 τε
1070 3997 1125 4064 καί
1144 4019 1286 4087 προσφε-

108 4095 328 4184 -ρομένοισιν,
357 4093 441 4182 ἅπερ
471 4099 505 4164 οί
526 4093 735 4182 ὑγιαίνοντες
763 4099 921 4164 ἐσθίουσί
940 4121 974 4163 τε
996 4095 1052 4161 καί
1075 4100 1211 4164 πίνουσι
1234 4100 1289 4166 καί

117 4184 220 4260 τᾶλλα
239 4195 450 4280 διαιτέονται,
471 4194 641 4282 ξυνέφερε,
659 4193 713 4261 καί
734 4193 825 4281 εἰμὴ
845 4185 888 4278 ἦν
907 4195 1001 4280 ἕτερα
1019 4191 1149 4262 τούτων
1162 4199 1290 4281 βελτίω.

119 4293 183 4358 νῦν
212 4287 243 4358 δ’
275 4287 358 4377 αὑτὴ
387 4287 407 4377 ἡ
441 4287 570 4377 ἀνάγκη
604 4291 755 4380 ἰητρικὴν
788 4294 921 4380 ἐποίησε
955 4294 1141 4378 ζητηθῆναί
1170 4320 1204 4361 τε
1234 4295 1289 4365 καί
