2936 4902
561 275 779 338 ..31-

79 430 151 501 κατ’
179 437 328 519 ίητρείον
355 441 385 498 in
410 438 507 499 indice
538 469 575 480 -
608 457 704 516 neque
733 439 810 496 enim
840 436 925 497 aliter
953 431 1175 519 disposituml),
1204 438 1256 497 sed
1332 481 1334 486 .

82 541 228 598 omissum
252 555 317 597 esse
341 536 530 598 statuendum
555 546 601 598 cst
624 555 699 615 opus
722 529 796 617 περὶ
815 527 976 613 πτισάνης
995 537 1058 596 siue
1078 528 1152 614 περὶ
1172 532 1257 595 βιαί-

82 656 138 715 της
158 626 264 708 ὀξέων
279 638 308 696 in
326 633 423 695 tabula
441 669 488 716 -,
506 634 562 695 hoc
587 632 759 714 scrupulum
783 632 837 693 tibi
856 631 998 712 moucbit,
1017 635 1047 693 in
1062 640 1194 694 extrema
1210 652 1257 694 co·

81 735 248 812 dioisparte
259 736 310 812 qui
321 740 421 795 extent
431 732 545 794 libellos
556 739 669 812 septem
685 724 774 812 (περὶ
789 727 917 812 ίητροῦ,
932 723 1006 812 περὶ
1016 730 1169 809 κρίσεων,
1180 726 1254 812 περὶ

81 829 237 914 κραδίης,
265 825 339 913 περὶ
363 829 513 913 σαρκῶν,
541 824 616 912 aspi
644 822 775 890 dde'varv
800 819 1013 910 οὐλομελίης,
1043 823 1116 909 περὶ
1140 819 1258 889 ἀνατο-

82 927 159 1010 μῆς,
176 925 364 1013 ἐπιστολαί)
380 930 572 1009 dispositione
588 927 644 1008 legi
660 928 804 988 indicatae
820 947 879 988 non
894 927 1102 1006 respondente.
1135 929 1257 1006 grauius

83 1027 210 1110 accedit,
241 1028 319 1107 quod
344 1028 482 1089 dimidius
506 1045 649 1087 numerus
679 1025 793 1087 tabulae
818 1045 943 1106 operum
966 1027 997 1086 in
1020 1025 1122 1086 codice
1146 1026 1257 1086 calamo

83 1133 201 1186 exarata
222 1144 280 1187 non
301 1129 392 1206 inest,
407 1128 485 1187 inter
505 1144 579 1205 quae
600 1125 628 1185 id
649 1126 834 1205 potissimum
855 1124 1111 1184 animaduersione
1126 1125 1258 1203 dignum,

83 1226 168 1284 carius
197 1226 352 1285 interitum
380 1223 528 1303 dolemuS,
561 1222 693 1283 Erotiani
717 1221 878 1301 Galenique
903 1224 1080 1290 testimoniis
1104 1221 1173 1281 olim
1198 1221 1257 1282 ool-

83 1321 204 1382 lectioni
233 1324 408 1402 ascriptum,
436 1321 545 1382 librum
574 1321 640 1381 dico
668 1313 743 1402 περὶ
771 1312 953 1401 τρωμάτων
981 1313 1037 1382 καὶ
1064 1316 1173 1398 βελῶν
1204 1315 1256 1400 (cl.

83 1419 165 1481 Erot.
190 1440 217 1500 p.
237 1417 288 1482 36.
312 1417 354 1481 49
374 1414 447 1502 m),
471 1419 588 1480 duobus
613 1417 705 1478 titulis
729 1419 758 1478 in
783 1417 915 1496 catalogo
939 1426 1042 1478 nostro
1068 1418 1148 1496 quod
1168 1419 1256 1496 sigui·

84 1519 202 1580 licalur:
234 1512 309 1599 περὶ
340 1509 523 1600 τρωμάτων
556 1507 723 1597 ὀλεθρίων
757 1525 786 1577 et
819 1511 893 1597 περὶ
922 1512 1029 1595 βελῶν
1063 1507 1257 1596 ἐξαιρήσιος.

83 1617 139 1674 iam
171 1615 325 1676 exordium
356 1616 445 1676 huius
473 1615 579 1675 indicis
610 1633 677 1675 cum
706 1617 896 1694 respicimus,
925 1633 992 1674 cum
1028 1616 1071 1674 eis
1102 1633 1137 1674 ex
1166 1612 1256 1673 Suida

84 1732 159 1792 qnae
179 1715 392 1792 exscripsimus
415 1713 576 1775 similitudo
597 1732 651 1773 nos
670 1713 772 1792 lugere
793 1715 897 1791 nequit
912 1706 962 1794 (cl.
977 1711 1072 1772 eruo
1091 1711 1104 1770 l
1123 1731 1151 1790 p.
1166 1705 1256 1792 530).

84 1813 179 1890 primo
199 1811 264 1871 loco
285 1814 460 1873 memorauit
479 1811 528 1872 ille
549 1802 660 1892 ὅρκον,
680 1810 810 1872 secundo
829 1802 1048 1892 προννῶσεις,
1063 1811 1152 1870 tertio
1167 1809 1256 1887 apho-

85 1911 205 1989 rismos,
234 1918 340 1988 quarto
369 1901 430 1990 cdv
459 1901 751 1989 ἑξηκονιάβιβλον,
774 1910 880 1988 incipit
904 1909 1054 1988 catalogus
1078 1908 1134 1967 boc
1156 1907 1257 1968 modo:

83 1999 162 2066 adde
187 2003 307 2068 ἔνεστι·
331 2007 464 2087 βιβλίον
489 2000 523 2067 α’
549 1998 656 2088 ὅρκος.
682 2039 722 2048 -
746 1998 781 2085 β’
805 1998 917 2086 νόμος.
942 2039 983 2049 -
1007 1999 1040 2084 γ’
1066 1994 1257 2086 ἀφοριὸμοί.

87 2138 123 2145 -
150 2097 185 2164 d'
209 2098 470 2186 προγνωστικόν.
507 2123 600 2185 paene
624 2104 764 2165 illicimur
787 2107 818 2164 in
838 2107 1055 2187 coniecturam,
1074 2106 1104 2162 in
1124 2103 1257 2182 catalogo

86 2212 187 2262 tenere
216 2221 270 2264 nos
295 2211 328 2264 ut
352 2204 508 2264 credamus
532 2203 640 2264 Suidae
665 2203 786 2262 lontem.
833 2203 918 2264 edis
942 2203 1096 2263 exordium
1121 2203 1150 2261 in
1176 2208 1256 2260 utro-

84 2319 156 2382 que,
185 2293 307 2381 νόμον,
331 2301 353 2358 V
383 2309 496 2363 tantum
521 2299 648 2380 capitula
672 2299 847 2360 breuissima
871 2300 1132 2381 complectentem,
1156 2301 1255 2360 omisit

84 2398 191 2458 Suidas
223 2402 362 2478 primaria
386 2401 521 2462 referens
545 2393 627 2481 (τῶν
656 2393 692 2459 ἐν
716 2391 886 2480 πρῶτοις
913 2393 968 2489 ναὶ
992 2390 1086 2479 ἡμεῖς
1108 2388 1258 2477 ἀπομνη-

84 2492 329 2579 μονεύσωμεν),
349 2497 594 2578 Aphorismorum
614 2504 644 2555 et
659 2495 845 2575 Prognostici
864 2497 998 2558 ordinem
1017 2497 1149 2557 iuuertlt.
1183 2487 1257 2574 quae

84 2597 258 2655 coniectura
282 2605 364 2656 certo
390 2604 486 2656 tamen
511 2602 593 2655 caret
617 2592 817 2655 fundamento.
855 2597 996 2656 nimirum
1021 2595 1125 2655 similis
1149 2597 1268 2674 primo<

83 2711 150 2753 rum
177 2693 345 2754 libellorum
368 2694 524 2774 dispositio
548 2696 577 2753 in
603 2692 667 2753 aliis
687 2711 805 2772 utroque
825 2694 964 2774 catalogis
984 2695 1125 2775 occurrit,
1149 2692 1257 2781 quibus

83 2811 151 2851 cum
179 2791 268 2852 Suida
293 2791 366 2852 nilril
390 2811 546 2852 commune
571 2811 636 2851 esse
661 2799 785 2852 constat.
823 2798 856 2852 ut
875 2782 974 2873 ὅρκος
993 2800 1111 2870 praeter
1131 2793 1257 2870 primam

83 2889 220 2949 codicum
246 2889 282 2949 de
307 2908 363 2968 qua
389 2891 576 2949 narrauimus
605 2889 729 2950 classem
753 2885 804 2968 (cl.
830 2889 922 2950 Paris.
946 2883 1048 2972 2255)
1072 2883 1173 2968 primo
1193 2889 1257 2950 loco

84 2989 239 3048 inuenitur
267 2989 355 3048 etiam
379 2990 410 3048 in
442 3006 476 3046 eo
507 2986 604 3047 indice
633 2986 736 3066 latino,
769 3006 785 3046 e
815 2986 916 3047 codiee
945 2987 1130 3046 Bruxellensi
1158 3007 1180 3047 s.
1205 2983 1258 3047 llll

83 3104 173 3164 quem
198 3087 343 3162 protraxit
362 3085 590 3163 llarembergius
610 3078 670 3166 (‘in
695 3085 758 3144 suis
782 3082 864 3143 libris
883 3086 998 3163 primns
1017 3091 1063 3144 est
1082 3084 1156 3145 liber
1178 3085 1258 3145 lura-

83 3190 219 3242 mentum
239 3201 328 3261 quem
347 3202 452 3262 graece
468 3181 584 3242 Horcon
606 3176 803 3261 appellamus’
824 3182 861 3241 cl.
876 3180 1046 3242 Hensolrelii
1066 3181 1153 3241 lanus
1174 3180 1256 3242 1847

85 3302 111 3360 p.
137 3275 233 3362 475),
264 3280 340 3340 idem
365 3280 549 3360 Apborismis
578 3280 713 3340 iunctum
740 3282 771 3338 in
801 3279 898 3338 lronte
928 3281 1160 3340 enumerationis
1189 3280 1258 3358 legi-

83 3386 133 3438 tur
167 3379 197 3436 in
232 3375 419 3456 Hippocratis
453 3377 553 3452 codice
583 3377 714 3458 arabico,
753 3377 789 3437 de
824 3396 882 3457 quo
918 3377 1031 3439 rettulit
1065 3377 1195 3439 Casirius
1228 3381 1258 3438 in

84 3474 267 3542 Bibliotheca
291 3474 506 3553 arabico-hisp¹
527 3473 631 3535 Esour.
651 3475 663 3534 Ι
687 3495 714 3555 μ.
730 3473 808 3557 236;
841 3475 1046 3555 Abullaragius
1069 3476 1198 3554 denique
1222 3475 1258 3536 de

84 3573 266 3653 Hippocrate
291 3591 381 3651 agens
404 3575 434 3633 in
455 3571 584 3633 Historia
605 3573 794 3653 dynastarum
819 3569 906 3634 ‘sunt
929 3581 1028 3650 alitem
1052 3593 1067 3634 e
1092 3569 1192 3634 libris'
1216 3577 1259 3634 in-

85 3673 150 3749 quit
174 3666 266 3749 ‘quos
290 3673 456 3750 composuit
479 3670 661 3750 Aphorismi‚
690 3674 708 3732 i.
730 3691 754 3732 e.
780 3671 948 3753 Sectiones,
975 3670 1065 3732 Liber
1089 3671 1258 3750 Prognosti-

84 3788 203 3850 corum,
223 3771 241 3828 i.
260 3789 284 3828 e.
304 3768 538 3829 Praemissorum
559 3772 701 3831 scientiae
721 3764 794 3849 eqs.'
815 3763 856 3851 (p.
872 3766 915 3830 55
935 3771 1081 3829 uersionis
1101 3769 1258 3830 Pococlria·

85 3862 163 3946 rrae).
211 3885 307 3945 neque
332 3867 360 3926 id
386 3868 502 3927 mirum.
546 3866 754 3928 Iusiurandum
779 3871 858 3929 enim
882 3887 945 3928 eam
970 3867 1007 3927 ob
1032 3886 1149 3947 causam
1175 3870 1258 3928 initio

162 3996 186 4061 1)
207 3992 331 4062 Suspicio
350 4011 384 4048 ne
403 3992 457 4046 tibi
476 3992 626 4064 exoriatur,
645 3997 732 4050 latere
752 4013 821 4065 opus
835 3997 900 4066 περὶ
914 3996 1022 4064 διαίτης
1038 3989 1135 4063 ὀξέων,
1155 3995 1259 4065 quippe

83 4071 162 4154 quod
180 4073 210 4126 et
228 4069 257 4125 in
276 4074 372 4126 nostro
396 4072 492 4126 codice
511 4073 680 4128 inscribatur
698 4076 807 4145 γνῶμαι
826 4070 843 4145 ἢ
863 4076 927 4144 περὶ
945 4071 1081 4142 πτισάνης
1100 4077 1128 4128 el
1146 4074 1175 4128 in
1198 4074 1260 4129 aliis

82 4151 186 4204 mullis
205 4148 275 4221 πρὸς
294 4148 345 4214 τὰς
363 4153 482 4214 Κνιδίας
500 4148 621 4223 ηνῶμας,
643 4153 725 4208 ‘liber
744 4156 956 4210 sententiarum’
977 4157 1108 4210 uocatum
1128 4172 1145 4208 a
1165 4154 1259 4211 Caelio

78 4231 237 4286 Aureliano
260 4230 305 4299 (of.
326 4232 407 4287 niter.
428 4231 453 4284 ΙΙ
478 4251 504 4301 p.
525 4239 584 4289 224.
605 4239 670 4301 629,
694 4231 797 4290 Ermer.
818 4235 830 4286 I
850 4253 875 4304 p.
896 4240 972 4304 287),
999 4235 1050 4288 sub
1073 4234 1158 4289 tituto
1182 4236 1260 4304 περὶ

75 4308 229 4380 γνώμης,
253 4311 282 4364 ia
302 4310 378 4365 calce
397 4311 496 4364 indicis
516 4312 615 4366 obuio:
635 4315 732 4383 aperte
752 4315 826 4368 bunc
845 4316 1008 4384 corruptum
1027 4329 1087 4367 esse
1106 4331 1205 4369 moneo
1225 4332 1259 4368 ex

74 4390 170 4460 περὶ
188 4385 372 4460 ἀνατομῆς.
1011 4399 1024 4424 ·
