2936 4902
600 257 894 321 ·-28--χ

204 419 260 478 bus
289 428 319 479 et
346 421 419 481 artis
446 419 579 480 medicae
608 419 722 482 nullum
750 439 816 481 esse
846 422 1024 500 principium
1052 419 1187 498 breuiter
1220 425 1383 500 exponitur

203 516 322 576 dicendi
345 519 490 597 agendiue
513 527 564 581 aut
589 519 718 580 medium
742 528 793 579 331
829 519 910 600 daie,
954 528 984 580 et
1020 539 1112 600 pauca
1149 521 1316 581 3113133131
1342 521 1380 582 de

202 615 378 677 dexteritate
428 617 596 697 chirurgica
642 609 825 701 (εὐχειρίη).
887 619 1057 680 continetur
1104 621 1195 699 igitur
1237 617 1285 678 his
1328 639 1377 679 ca-

202 712 314 792 pitibus
339 733 392 774 urs
415 718 547 796 medico,
576 718 606 776 in
635 716 868 796 disputationum
894 717 1122 796 sophisticarum
1148 736 1234 778 usum
1259 737 1380 797 compo-

202 815 272 894 sita,
308 815 357 873 eui
390 832 458 873 cum
488 815 676 876 Anaximem's
704 834 729 875 e.
758 833 801 894 gr.
830 834 905 893 quae
934 815 1108 895 perbihetur
1136 823 1199 884 arte
1228 815 1381 878 rhetori-ca

200 913 229 973 id
260 930 416 972 commune
445 921 499 994 est,
529 914 607 992 quod
636 917 732 993 capite
762 915 882 994 quidem
909 913 1106 993 praecedente
1137 913 1271 975 breuiter
1300 915 1379 975 indi-

201 1018 308 1071 cantur
331 1020 518 1093 argumenta,
542 1014 572 1072 in
597 1014 694 1074 fronte
718 1021 816 1073 autem
846 1014 1069 1092 insequentium
1092 1012 1186 1073 uerbo
1210 1015 1380 1091 significau-

200 1118 250 1170 tur
278 1104 329 1190 (cl.
357 1110 448 1170 11331.
477 1130 505 1189 p.
537 1107 613 1193 192,
646 1107 685 1172 15
715 1111 769 1191 Sp3
807 1101 894 1184 εἰκός
925 1108 1001 1192 192,
1029 1109 1081 1174 23.
1127 1108 1380 1192 παραδείγματα

203 1204 276 1291 195,
291 1206 319 1269 l.
347 1201 505 1290 τεκμήρια
527 1206 664 1291 197,18.
694 1201 912 1290 ἐνθυμήματα
933 1207 1005 1292 191,
1020 1208 1071 1272 21.
1099 1202 1215 1291 γνώμη
1239 1207 1378 1292 198,12.

87 1336 90 1344 v
201 1313 341 1386 σημεῖον
368 1303 505 1386 199,12.
547 1305 679 1388 ἔλεγχος
705 1305 776 1392 199,
791 1302 858 1392 29).

290 1401 378 1463 Extat
403 1423 474 1465 uero
498 1407 529 1465 in
553 1405 726 1466 collectione
751 1408 883 1488 scriptio,
908 1426 965 1488 qua
979 1401 1030 1469 ¹uti
1048 1389 1196 1486 quomodo
1217 1407 1302 1468 soliti.
1316 1409 1381 1468 sint

201 1501 310 1564 talibus
327 1506 495 1582 praeceptis
514 1505 702 1584 intelligitur:
721 1499 810 1587 περὶ
828 1499 966 1586 τέχνης
985 1505 1052 1566 dico
1071 1505 1379 1568 declamatiunculam.

201 1620 260 1662 333
284 1611 343 1662 tam
363 1605 579 1680 aegrotantium
598 1602 687 1666 saluti
705 1604 833 1664 consulit
852 1611 956 1664 auctor
974 1595 1050 1684 περὶ
1068 1594 1203 1664 νούσων
1227 1597 1267 1684 α’,
1288 1623 1380 1683 quam

202 1707 235 1758 111
259 1693 412 1759 commode
437 1699 473 1760 de
498 1701 609 1761 morbis
633 1702 751 1763 dicendi
770 1711 922 1782 compotes
946 1701 1050 1762 reddat
1073 1700 1235 1781 discipulos
1257 1710 1380 1763 contra-

201 1797 378 1877 dicendique
401 1797 526 1859 aliorum
551 1801 736 1862 orationibus
760 1799 984 1881 quaestionibus
1008 1801 1160 1878 responsis
1185 1793 1301 1878 (ταῦτα
1326 1795 1380 1861 ἐν·

200 1890 399 1976 θνμηθέντα
424 1890 667 1977 διαφυλάσσειν
691 1897 744 1960 δεῖ
766 1895 802 1960 ε’ν
824 1905 929 1960 τοῖσι
954 1891 1153 1978 λόγοισιν·
1178 1889 1197 1958 ὅ
1220 1917 1252 1959 τι
1275 1887 1319 1959 άν
1341 1894 1384 1960 δέ

200 2014 249 2067 τις
267 1989 396 2055 τούτοιν
415 1986 588 2078 ἁμαρτάνῃ
608 1985 629 2077 ἢ
650 1991 774 2077 λέγων
793 1986 813 2076 ἢ
834 1993 990 2079 ἐρωτῶν
1010 1985 1029 2076 ἢ
1054 1986 1381 2077 ἀποκρινόμενος

201 2141 267 2175 ...,
299 2087 402 2154 ταῦτα
434 2086 651 2174 φυλάσσοντα
683 2087 745 2177 χρὴ
779 2089 990 2156 ἐπιτίθεσθαι
1023 2089 1059 2154 ἐν
1095 2091 1134 2175 τῇ
1166 2084 1380 2178 άντιλογίη

200 2211 227 2270 p.
250 2184 337 2273 142),
361 2191 440 2271 quod
460 2191 531 2254 dum
549 2203 679 2275 reputas,
698 2193 890 2273 Protagoram
909 2195 1066 2272 scripsisse
1085 2191 1243 2252 recordare
1263 2183 1381 2254 άντι-

202 2285 350 2368 λογιῶν
381 2281 444 2350 δύο
472 2284 568 2369 (Diog.
594 2290 688 2351 Laert.
713 2287 847 2374 11155),
875 2290 1028 2353 Platonem
1051 2292 1124 2352 haec
1147 2291 1314 2370 professum
1341 2293 1381 2353 de

202 2386 351 2465 sophistae
375 2394 451 2448 arte:
476 2383 512 2448 ἓν
535 2381 599 2469 γάρ
623 2388 658 2448 τί
678 2408 735 2468 μοι
758 2382 901 2470 μάλιστα
923 2383 1092 2469 κατεφάνη
1117 2379 1220 2450 αὐτὸν
1244 2387 1382 2468 μηνῦον

201 2531 236 2546 ..
265 2474 525 2564 άντιλογιαὸν
553 2477 658 2548 αὐτὸν
687 2485 815 2568 ἔφαμεν
843 2478 934 2548 εἶναι’
958 2504 1024 2548 που
1057 2481 1162 2571 (Sopb.
1192 2507 1221 2567 p.
1250 2483 1380 2571 2328).

202 2586 355 2662 impugnat
378 2591 482 2644 arctor
500 2577 575 2665 περὶ
598 2578 714 2665 τέχνης
738 2585 901 2647 medicinae
921 2586 1147 2664 obtrectatores,
1167 2604 1226 2646 uon
1246 2588 1380 2647 existere

199 2689 296 2742 artem
320 2680 371 2741 sed
396 2681 473 2742 13113
497 2682 616 2743 fortuna
640 2700 727 2742 sanos
750 2684 816 2744 lieri
839 2684 974 2744 homines
998 2686 1208 2745 3331113133133.

290 2781 385 2852 Quem
413 2780 449 2840 ad
477 2779 608 2841 libellum
637 2781 747 2842 aditum
772 2780 914 2842 debemus
943 2784 1059 2861 aperire
1088 2781 1174 2842 nobis
1198 2781 1381 2844 Ermerinsii

201 2879 346 2939 sententia
369 2877 562 2959 recensenda,
586 2879 764 2938 artissimam
787 2882 814 2939 ei
838 2897 906 2939 cum
929 2879 994 2939 aliis
1018 2877 1203 2939 collectionis
1223 2881 1381 2957 opusculis

84 3021 85 3024 ,
141 3018 143 3022 .
200 2975 317 3037 duobus
333 2994 399 3036 esse
414 2977 618 3056 cognationem
639 2979 805 3037 statuentis.
835 2978 973 3056 coniungi
995 2978 1073 3036 enlm
1093 2975 1201 3036 debere
1223 2995 1379 3038 eumcum

199 3074 278 3154 Lege
303 3067 432 3157 (νόμος)
457 3077 589 3153 itemque
614 3092 682 3135 cum
705 3073 780 3134 libro
805 3073 840 3135 de
866 3082 968 3136 uetere
987 3073 1146 3154 Medicina,
1171 3082 1273 3155 utpote
1300 3093 1380 3154 quae

201 3176 310 3252 scripta
325 3175 381 3233 tria
402 3168 582 3233 ‘summatim
601 3170 636 3230 ad
657 3189 745 3232 33313
765 3162 951 3250 άτιολογιάν
970 3169 1028 3252 τῆς
1047 3169 1196 3252 ἰητρικῆς
1214 3171 1380 3256 spectent'3

201 3290 258 3351 qua
287 3273 401 3332 ratione
429 3279 582 3349 permotus
615 3287 650 3329 eo
683 3271 831 3348 processit
858 3269 969 3351 editor,
988 3279 1037 3331 ·ut
1065 3289 1099 3330 33
1123 3269 1265 3350 deinceps
1295 3271 1379 3332 nullu

200 3371 361 3430 interstitio
381 3368 485 3429 relicto
505 3369 690 3447 imprimeret
709 3371 748 3428 ita
770 3367 898 3448 quidem,
918 3375 951 3426 ut
969 3366 1041 3447 Legi
1060 3369 1199 3449 primum,
1222 3367 1258 3427 de
1278 3371 1380 3446 prisca

200 3467 345 3528 Medicina
369 3467 611 3527 commentationi
634 3472 819 3544 postremum
838 3464 936 3526 locum
955 3465 1142 3547 attribueret,
1165 3466 1279 3527 mediae
1298 3472 1380 3546 parti

200 3568 426 3646 inscriptionem
450 3583 466 3624 3
489 3562 619 3624 librariis
642 3564 801 3642 praelixam
826 3582 892 3626 esse
915 3571 1035 3644 putaret
1065 3556 1140 3645 περὶ
1163 3558 1280 3644 τέχνης
1304 3562 1380 3647 (nol.

200 3665 213 3726 l
235 3685 263 3744 p.
289 3662 363 3744 XIV,
385 3661 412 3722 ll
435 3681 464 3740 p.
488 3659 566 3720 XVII
576 3655 665 3742 sqq).
1327 3649 1335 3666 ⁶

290 3761 374 3833 erod
408 3761 434 3820 si
471 3768 643 3838 argumenta
676 3759 779 3820 Rataui
812 3761 990 3842 pendemus,
1025 3761 1152 3840 triplicis
1189 3779 1222 3822 ea
1258 3767 1380 3840 generis

200 3879 265 3921 esse
293 3857 475 3938 uidebimus,
503 3859 595 3936 petita
624 3857 764 3919 uidelicet
791 3877 807 3919 e
837 3860 972 3920 codicum
1000 3861 1192 3940 testimoniis,
1227 3859 1380 3923 scribendi

199 3955 405 4036 similitudine,
435 3953 508 4015 locis
541 3955 691 4018 nonnullis
722 3958 801 4016 inter
834 3975 866 4018 se
899 3956 1118 4018 necessitudine
1151 3958 1277 4035 quadam
1308 3977 1378 4020 con-

199 4058 317 4118 iunctis.
692 4035 699 4051 ⁶

288 4154 384 4232 Atque
417 4151 455 4212 de
487 4155 635 4216 librorum
663 4156 771 4214 ordine
802 4153 832 4212 13
866 4153 950 4216 codd.
984 4171 1053 4214 mss.
1087 4162 1206 4214 seruato
1243 4152 1380 4215 breuiter

202 4254 356 4330 disputans
375 4252 405 4310 in
426 4249 576 4330 plerisque
597 4249 706 4330 quibus
725 4269 798 4311 usus
822 4251 861 4310 sit
879 4250 1010 4312 Littrens
1030 4253 1160 4332 itemque
1185 4253 1214 4311 in
1236 4249 1378 4312 Vossiano

200 4359 230 4410 ct
256 4349 404 4410 Marciano
429 4350 468 4409 ita
493 4347 653 4428 dispositos
677 4355 777 4408 extare
802 4356 904 4408 monet
927 4347 963 4409 de
988 4347 1096 4428 quibus
1120 4351 1234 4428 agimus
1253 4349 1379 4431 libellos,
