2936 4902
642 221 918 306 ·-e'4-

225 401 440 485 μέλλοντος
462 400 584 485 λόγου
607 399 757 488 φράσαι
782 400 1019 487 πειρήσομαι
1045 401 1087 490 (p.
1111 400 1178 490 92).
1225 415 1313 487 alque
1338 412 1400 488 pri-

228 524 307 564 mum
342 505 460 583 qrridem
495 513 603 584 qrranta
637 507 683 565 uis
717 508 755 566 sit
787 507 847 564 aeri
877 508 906 565 in
936 506 1045 566 nrtrndo
1076 508 1217 567 uniuerso
1247 507 1400 586 docemur,

226 602 334 681 quihus
367 602 509 664 absolutis
539 604 574 664 ad
603 604 771 664 animalium
800 623 908 682 corpus
937 623 968 664 se
1005 607 1154 717 coppertit
1178 607 1306 684 scriptor
1330 625 1400 667 cum

227 701 317 762 dicat.
341 695 486 762 διότι
451 723 522 782 μεν
537 688 600 764 οὖν
625 697 662 764 ἐν
685 709 793 762 τοῖσιν
816 693 1008 763 άλλοισιν
993 723 1011 763 o
1036 693 1100 782 άήρ
1120 701 1272 784 ἔρρωται,
1296 706 1401 822 εἰρη-

226 815 302 860 ται
326 792 467 861 τοῖσιδ’
495 785 538 861 αὖ
562 804 739 917 δνητοϊσιν
764 783 862 872 οὗτος
886 801 991 874 αίτιος
1012 798 1074 863 τοῦ
1097 821 1131 862 τε
1155 799 1231 880 βίον
1254 795 1309 861 καὶ
1332 800 1401 863 τῶν

227 889 362 958 νούσων
384 905 470 959 τοῖσι
493 895 649 961 νοσεόνσι
669 897 710 978 (p
726 894 793 979 96),
816 898 920 959 eodem
945 899 1031 960 ιιιοδο
1051 899 1106 960 hoc
1126 902 1221 980 capite
1241 919 1315 978 quae
1334 920 1400 1018 prp

228 995 296 1056 tulit
324 995 505 1058 concludens
534 999 661 1076 proximi
689 999 787 1058 initio:
820 987 870 1058 ὅτι
899 989 960 1077 μὲν
991 982 1053 1059 οὖν
1081 991 1206 1078 μεγάλη
1239 999 1400 1114 κοινωνίη

227 1085 330 1156 άπασι
358 1101 444 1156 τοίσι
474 1087 584 1170 ζιέοισι
612 1092 672 1156 τοῦ
701 1085 797 1177 ἠέρος
826 1091 965 1174 έστίν,ε
951 1098 1119 1178 ε’·ίρηται
1165 1089 1259 1177 μετὰ
1283 1096 1399 1159 τοῦτο

227 1192 369 1255 τοίνυν
393 1185 542 1267 εὐθέως
571 1189 727 1276 ρητέον,
756 1185 806 1254 ὅτι
835 1184 897 1254 οὐκ
921 1187 1067 1256 ἄλλοθέν
1091 1198 1199 1257 ποθεν
1222 1189 1311 1268 εἰκός
1333 1192 1400 1257 ἐστι

225 1290 383 1370 γίνεσθαι
416 1285 475 1366 τὰς
498 1284 684 1375 ἀρρωστίας
707 1281 902 1372 μάλιστιι,’1
882 1314 903 1372 η
928 1289 1086 1354 ἐντεῦθεν
1110 1287 1218 1375 (ibid).
1265 1312 1401 1354 necnon

228 1391 292 1451 aliis
326 1391 398 1452 locis
446 1410 539 1452 nouae
587 1394 732 1470 cuiusque
780 1390 1002 1452 declamationis
1045 1392 1205 1470 particulae
1245 1410 1399 1471 argumen-

226 1498 288 1550 tum
323 1499 352 1550 et
385 1492 561 1606 proponitur
594 1495 623 1550 et
656 1492 810 1570 ropetitur.
857 1490 893 1550 ci.
925 1484 1000 1571 περὶ
1032 1483 1093 1571 μὲν
1124 1475 1304 1551 οὖν’ὅλον
1340 1494 1402 1552 τοῦ

228 1581 419 1669 πρήγματος
442 1579 576 1670 ἀρκέει
600 1608 665 1669 μοι
688 1586 820 1649 ταῦτα·
854 1580 933 1668 μετά
959 1582 996 1649 δέ
1019 1587 1122 1650 ταῦτα
1145 1582 1229 1670 πρὸς
1252 1581 1335 1651 αὐτὰ
1359 1581 1399 1650 τά

227 1683 308 1796 ἔργα
330 1684 376 1772 τῷ
401 1679 490 1771 λόγω
510 1680 688 1770 πορευθεὶς
707 1681 890 1760 ἐπιδείξω
909 1688 976 1749 κτλ.
999 1685 1100 1769 p963
1122 1707 1256 1769 πρωτον
1280 1679 1354 1748 δὲ’
1336 1680 1400 1748 απὸ

225 1783 287 1848 τοῦ
305 1777 503 1847 κοινοτάτου
522 1780 708 1864 νοσήματος
728 1777 910 1866 ἄρξομαι,
929 1784 1073 1898 πυρετοῦ
1097 1787 1180 1868 itud,
1204 1785 1237 1845 oi
1233 1770 1377 1866 plo
1339 1805 1401 1846 ουν

227 1875 389 1964 δημόσιαί
406 1879 469 1943 είσι
491 1879 557 1944 τῶν
572 1875 717 1961 νούσων,
737 1886 936 1965 είρηται..
957 1875 1016 1945 τὸν
1031 1876 1068 1946 δε
1082 1879 1138 1946 διὰ
1151 1876 1304 1965 πονηρὴν
1319 1881 1402 1944 δίαι-

227 2002 289 2043 ταν
312 1975 492 2061 γινόμενον
515 1971 660 2062 πυρετὸν
685 1979 705 2041 δ
712 1976 855 2060 ιεξειμι
877 1993 929 2042 σοι
948 2002 975 2061 p
991 1980 1047 2064 983
1070 2002 1107 2044 το
1095 1969 1247 2063 ἱῗμὲν
1209 2004 1270 2045 ουν
1291 1984 1399 2044 αίτιον

227 2078 288 2142 τοῦ
311 2072 468 2162 ὕδρωπος
491 2071 616 2159 ήδηί
585 2098 600 2139 ε
616 2082 789 2161 ’ρηταιμ
812 2076 874 2139 110
899 2088 954 2140 etc
978 2083 1009 2141 in
1028 2030 1125 2161 6pilog
1126 2100 1144 2140 o
1163 2081 1291 2160 denique
1311 2083 1402 2143 totius

227 2180 370 2239 orationis
395 2195 539 2237 summam
564 2176 697 2237 breuiter
721 2177 966 2286 comprehensam
992 2179 1127 2240 uidemus
1151 2179 1197 2239 his
1222 2180 1336 2240 uerbis:
1362 2169 1400 2239 τὸ

227 2270 264 2338 δὲ
288 2277 397 2337 αίτιον
420 2294 488 2336 των
512 2266 728 2336 νούσωνέὸν
751 2272 850 2338 τοῦτο
876 2271 1147 2338 ἐπιδέδεικταί
1162 2298 1227 2356 μοι.
1262 2269 1402 2358 ὑπεσχό-

227 2396 293 2457 μην
327 2366 364 2435 δέ
392 2365 430 2433 τὸ
459 2373 567 2434 αίτιον
596 2369 664 2434 τῶν
691 2369 890 2454 νοσημάτων
920 2368 1063 2457 φράσαι,
1095 2371 1273 2450 ἐπέδειξα
1304 2370 1340 2436 δὲ
1363 2366 1402 2436 τὸ

230 2470 359 2552 πνεῦμα
392 2464 458 2546 καὶΙ
481 2467 517 2532 έν
544 2479 652 2532 τοῖσιν
683 2463 815 2535 άλλοισι
843 2464 1011 2555 πρήγμασι
1045 2470 1252 2534 δυναστεῦον
1280 2466 1334 2533 καὶ
1365 2468 1403 2534 ἐν

227 2579 314 2632 τοῖσι
337 2562 469 2649 σοι’μασι
491 2565 558 2630 τῶν
583 2561 674 2643 ζαέων
697 2590 726 2650 p.
749 2568 819 2632 114.

317 2668 413 2739 Quam
442 2668 559 2728 dicendi
588 2670 732 2728 rationem
761 2669 961 2748 sophistarum
985 2672 1152 2749 praeceptis
1183 2668 1292 2729 dehere
1316 2671 1403 2749 origi-

229 2788 297 2830 nem
327 2769 370 2827 eis
398 2767 526 2846 exempli
553 2769 645 2846 gratia
675 2767 869 2828 oratiunculis
894 2769 1040 2840 firmatur,
1069 2767 1193 2847 Gorgiae
1219 2769 1336 2828 uomiue
1359 2770 1403 2827 iu·
1463 2807 1464 2814 ι

228 2870 355 2947 scriptae
380 2885 455 2945 unae
485 2865 609 2926 aetatem
635 2865 776 2926 tulerunt.
823 2865 959 2926 similiter
983 2884 1016 2925 ac
1040 2867 1077 2926 de
1102 2884 1160 2944 qno
1184 2867 1297 2944 agimus
1323 2864 1402 2924 lihel-

228 2967 274 3026 lus
294 2984 309 3024 a
330 2966 475 3024 sententia
495 2962 625 3041 generali
644 2965 748 3042 incipit
762 2954 920 3044 Ἑλένης
939 2957 1151 3044 έγκοίμιονε
1171 2956 1294 3043 κόσμος
1309 2956 1403 3024 πόλει

230 3057 291 3143 μὲν
315 3053 487 3144 εὐανδρία,
512 3053 638 3140 σάματι
663 3054 700 3122 δέ
723 3054 852 3142 κάλλος,
875 3060 964 3144 ψυχῇ
985 3055 1022 3123 δέ
1041 3061 1155 3141 σοφία,
1179 3055 1346 3142 πράγματι
1367 3055 1403 3122 δέ

229 3153 345 3241 ἀρετή,
373 3153 461 3244 λόγῳ
491 3152 527 3220 δὲ
556 3148 698 3240 ἀλήθεια
721 3161 788 3221 κτλ.
835 3159 913 3219 unde
937 3160 972 3219 ad
997 3167 1202 3238 argumentum
1226 3178 1405 3239 progressus

229 3259 370 3320 Helenam
403 3258 489 3337 culpa
522 3257 727 3337 liberaturum,
759 3256 975 3339 obtrectatores
1009 3259 1072 3316 eius
1105 3257 1303 3318 refutaturum
1338 3279 1405 3320 esse

230 3377 295 3419 sese
319 3358 364 3418 his
388 3359 562 3436 pronuntiat
585 3356 721 3433 Gorgias:
751 3345 814 3434 έγίι
839 3346 876 3414 δέ
899 3347 1064 3433 βούλομαι
1084 3347 1244 3433 λογισμόν
1263 3375 1340 3417 τινα
1359 3356 1405 3443 τῷ

230 3449 317 3542 λόγῳ
343 3448 424 3528 δοὺς
446 3445 508 3534 τήν
532 3447 593 3534 μὲν
616 3448 724 3524 κακῶς
747 3443 940 3514 ἀκούουσαν
963 3449 1090 3512 παῦσαι
1108 3448 1166 3531 τῆς
1184 3449 1302 3532 αἰτίας,
1325 3448 1408 3529 τοὺς

229 3548 267 3617 δέ
299 3548 532 3634 μεμφομένους
559 3546 788 3631 ψευδομένους
816 3546 1009 3624 ἐπιδεῖξαι
1038 3545 1097 3633 (2)
1144 3552 1200 3610 iam
1229 3550 1266 3611 de
1294 3572 1408 3631 genere

195 3713 197 3718 .
230 3662 260 3715 et
284 3656 376 3713 lorma
396 3650 524 3710 Helenae
548 3659 705 3729 postquam
730 3651 880 3730 disseruit,
904 3668 967 3710 rem
986 3651 1112 3728 suscipit
1130 3649 1328 3712 tractandam:
1353 3647 1410 3713 ἐπὶ

229 3743 291 3830 τὴν
320 3739 427 3829 άρχήν
456 3745 517 3808 τοῦ
540 3742 720 3827 μέλλοντος
742 3740 847 3827 λόγου
869 3739 1097 3829 προβήσομαι,
1124 3739 1179 3806 καὶ
1202 3740 1411 3827 προθήσο-

230 3869 297 3929 μαι
325 3838 383 3920 τὰς
411 3843 517 3918 αἰτίας
548 3835 593 3906 δι’
619 3835 659 3919 δὶς
682 3840 770 3919 είκδς
793 3831 836 3925 ἦν
859 3839 1018 3924 γενέσθαι
1041 3834 1101 3905 τὸν
1124 3840 1182 3922 τῆς
1200 3835 1336 3926 Ἑλένης
1360 3845 1412 3921 είς

230 3938 291 4026 τήν
325 3941 449 4024 Τροίαν
478 3935 601 4004 στόλον
629 3937 689 4026 (5).
724 3945 819 4024 ponit
847 3962 951 4005 causas
980 3949 1120 4023 quattuor
1143 3941 1321 4006 Leontinus:
1355 3955 1411 4007 aut

232 4046 368 4105 fortunae
396 4040 549 4102 uoluntate
577 4040 701 4103 deorum
731 4041 853 4104 consilio
883 4043 1068 4103 necessitatis
1091 4039 1156 4119 lege
1180 4050 1280 4103 coacta
1304 4042 1410 4106 Paridi

231 4163 263 4204 se
287 4141 399 4202 dedidit
421 4138 542 4222 Helena,
566 4149 617 4201 aut
640 4142 671 4202 ui
694 4149 777 4220 rapta
801 4150 860 4222 est,
884 4148 935 4202 aut
958 4139 1059 4200 uerbis
1081 4141 1206 4220 irretita,
1230 4148 1281 4202 aut
1303 4159 1410 4203 amore

231 4250 324 4320 capta¹
372 4258 444 4317 quas
473 4238 506 4298 ad
532 4241 672 4299 amussim
696 4241 888 4318 persequitur
916 4239 1032 4299 rhetor:
1060 4237 1096 4298 cl.
1120 4235 1151 4298 εί
1173 4230 1234 4318 μέν
1259 4223 1322 4300 οὖν
1348 4233 1409 4301 διὰ

230 4330 445 4419 τὸπρῶτον.
462 4333 543 4418 ,(6),
568 4334 598 4396 εί
620 4328 657 4397 δὲ
681 4335 737 4420 βίᾳ
761 4327 919 4417 ἡρπάσθη
935 4382 941 4396 .
958 4382 964 4396 .
980 4328 1042 4416 (7),
1066 4333 1097 4396 εί
1119 4328 1156 4398 δὲ
1179 4327 1279 4415 λόγος
1298 4327 1316 4400 6
1337 4337 1411 4400 πεί-
