2994 4898
545 259 766 323 ...47.„

78 415 148 502 τιερλ
170 416 230 502 μὲν
254 406 318 484 οὗν
340 415 471 483 τούτων
496 423 528 482 εί
552 417 592 500 γε’
613 441 661 495 τις
684 413 729 500 μὴ
755 418 877 493 ἱκανῶς
906 416 941 480 ἐκ
969 417 1036 482 τῶν
1060 415 1247 500 εἰρημένων

79 515 241 600 ξυνίησιν,
275 515 315 581 ἐν
348 506 533 580 όίλλοισιν
566 509 616 581 ἂν
646 513 801 598 λόγοισι
830 514 1035 599 σαφέστερον
1059 515 1246 598 διδαχθείη,

77 620 138 677 siue
167 618 202 678 de
227 617 351 678 aliorum
375 617 561 677 orationibus
582 615 722 706 intelligis
751 617 949 696 quasaudire
973 617 1075 696 liccat,
1113 617 1177 676 siue
1210 616 1246 675 de

78 715 371 778 commentationibus
395 713 505 794 publici
529 717 604 775 iuris
628 714 722 793 lactis,
744 714 773 774 id
799 713 885 775 nobis
908 714 1097 794 persuadent,
1121 713 1157 774 de
1178 713 1245 773 doc·

78 815 151 874 trina
170 813 351 894 peruolgata,
375 813 449 874 alius
464 815 584 892 ingenio
600 831 674 890 quac
690 812 841 895 debeatur,
861 832 926 874 esse
942 831 1118 874 sermonem.
1148 831 1245 891 neque

76 909 145 970 haec
160 912 234 972 ratio
256 929 310 972 nos
330 910 441 973 fefellit.
474 910 681 972 Parmenidem
701 913 778 972 enim
799 913 1028 992 reminiscimur,
1048 912 1126 972 entia
1142 917 1172 972 et
1187 928 1245 970 non

76 1011 149 1068 entia
173 999 242 1070 bum
265 1009 391 1088 legimus
411 1007 557 1070 distincte.
596 1008 739 1070 docuerat
758 1009 806 1070 ille
823 1013 855 1070 in
875 997 975 1089 priore
996 1011 1135 1088 carminis
1151 1016 1244 1088 parte,

76 1098 112 1166 τό
139 1102 223 1188 πρὸς
250 1097 416 1187 ἀληθειαν
444 1124 531 1185 ηιιεαι
556 1107 733 1186 ,inscriptam
762 1107 919 1188 babemus,
948 1108 1020 1168 duas
1050 1126 1115 1168 esse
1144 1108 1242 1186 cogni·

75 1205 161 1264 tionis
190 1206 267 1285 uias,
302 1221 428 1284 quarum
461 1203 552 1266 altera
587 1207 745 1266 comitante
779 1207 904 1266 ueritate
938 1205 1133 1284 procedentes
1168 1205 1245 1264 entis

76 1310 207 1362 naturam
231 1302 473 1384 intelligeremus,
497 1321 556 1362 non
581 1305 658 1364 entis
681 1305 826 1365 rationem
849 1304 939 1364 altera
964 1305 1135 1384 perspicere
1160 1299 1245 1362 nobis

75 1401 253 1483 uiderentur,
276 1420 293 1460 a
316 1403 382 1461 ueri
406 1400 598 1462 similitudine
617 1400 702 1480 plane
726 1402 873 1464 disiuncta
898 1393 932 1484 (ἡ
956 1395 1018 1480 μὲν
1042 1392 1131 1473 ὅπως
1155 1398 1245 1460 ἔστιν

75 1494 183 1562 τεκαὶ
208 1491 253 1574 ὡς
277 1492 338 1561 οὐκ
363 1497 431 1562 ἔστι
454 1489 498 1579 μὴ
523 1489 618 1573 εἶναι,
642 1497 794 1573 Πειθοῦς
818 1495 885 1562 ἐστι
908 1495 1078 1577 κέλευθος,
1103 1489 1243 1577 ἀληθείη

75 1589 137 1680 γὰρ
161 1589 292 1678 danaes·
316 1589 337 1679 ἡ
359 1587 391 1658 d'
418 1587 463 1670 ὡς
486 1586 548 1657 οὐκ
567 1594 657 1658 ἐστιν
675 1617 710 1658 τε
728 1591 783 1658 καὶ
803 1588 848 1670 ὡς
866 1590 977 1680 χρειόν·
993 1593 1060 1658 ἐστι
1079 1586 1123 1676 μὴ
1145 1585 1244 1672 εἶναι,

74 1689 132 1774 τὴν
160 1689 202 1776 δή
231 1716 282 1758 τοι
316 1688 430 1777 φροίζω
463 1689 672 1756 παναπειθέα
695 1692 797 1776 ἔμμεν
820 1685 970 1778 ἀταρπόν
994 1690 1037 1756 35
1053 1711 1115 1772 sqq.
1131 1691 1170 1773 ll,
1207 1691 1244 1751 cl.

76 1785 254 1875 οὐδὲνγὰρ
274 1793 364 1856 ἐστιν
379 1783 399 1873 ἢ
416 1791 505 1854 ἔσται
525 1784 607 1854 dato
627 1785 730 1874 πάρεξ
748 1789 809 1854 τοῦ
828 1785 943 1865 ἐόντος
961 1786 1028 1876 95).
1049 1809 1145 1869 neque
1165 1791 1247 1850 enim

76 1911 129 1973 non
155 1910 210 1952 ens
235 1894 332 1952 animo
356 1909 443 1970 posse
464 1891 674 1970 comprehendi
695 1889 913 1976 nequeuerbis
929 1891 1054 1970 exprimi
1069 1879 1161 1970 (οὔτε
1179 1878 1244 1967 γὰρ

75 1978 114 2049 όν
136 1988 255 2070 γνοίης
277 1981 316 2050 τό
339 2009 376 2068 γε
400 1981 444 2069 μη
470 1983 526 2050 ἐόν
549 2021 593 2032 --
617 1979 659 2050 οὐ
681 1980 745 2068 γὰρ
765 1979 913 2050 ἀνυστόν
938 2021 976 2032 -
1003 1979 1080 2048 οὔτε
1100 1978 1245 2067 φράσαις

75 2083 163 2168 39Κ;
192 2086 229 2146 cl.
254 2077 381 2168 οὐγὰρ
406 2079 515 2166 φατόν
540 2077 620 2146 ouidi
642 2078 766 2165 νοητόν
791 2082 858 2148 ἐστι
883 2077 972 2160 ὅπως
1001 2077 1061 2147 odo
1086 2082 1154 2145 ἐστι
1178 2075 1244 2164 63).

77 2187 188 2264 recepit
209 2202 273 2244 eam
289 2183 534 2264 doctrinamque
551 2202 639 2262 supra
655 2183 844 2262 physicorum
861 2185 1023 2264 scientiam,
1039 2201 1087 2242 res
1103 2199 1244 2241 sensuum

76 2282 182 2342 iudicio
203 2281 353 2342 uacillanti
369 2281 517 2342 subiectas
533 2281 788 2362 complectentem,
802 2280 994 2341 Parmenides
1009 2278 1170 2359 egreditur,
1185 2278 1245 2338 Με-

74 2379 173 2440 lissus:
189 2380 218 2439 id
235 2379 312 2459 quod
329 2399 364 2439 ex
380 2379 424 2439 bis
440 2379 531 2439 Samii
546 2378 647 2440 uerbis
663 2379 849 2440 manifestum
865 2379 911 2440 tit:
931 2371 986 2439 καὶ
999 2367 1071 2438 κατ’
1089 2368 1193 2436 ἄλλον
1208 2369 1245 2436 δέ

74 2470 197 2558 τρόπον
227 2467 329 2538 odolo
359 2469 476 2538 κενεόν
505 2473 572 2538 ἐστι
600 2475 661 2538 τοῦ
685 2469 811 2549 ἐόντος·
839 2468 876 2537 τό
905 2468 970 2557 γὰρ
997 2463 1114 2536 κενεόν
1143 2465 1245 2534 οὐδέν

74 2570 152 2635 ἐστι·
178 2565 241 2636 οὐκ
264 2563 308 2636 do
327 2559 390 2637 οὖν
415 2575 464 2654 εἴη
489 2566 527 2636 τό
550 2593 587 2654 γε
602 2569 707 2655 μηδέν
722 2567 866 2655 (Simplic.
882 2577 912 2634 in
928 2573 975 2635 Ar.
990 2573 1076 2654 Phys.
1091 2592 1117 2652 p.
1138 2569 1208 2652 104,
1223 2569 1245 2631 4

76 2668 179 2756 lliels),
212 2675 243 2733 in
275 2672 417 2752 ampliore
447 2675 661 2733 sententiarum
686 2671 895 2751 explicatione,
924 2671 1010 2731 breui
1040 2687 1126 2748 quam
1156 2669 1244 2748 placi·

75 2778 170 2830 torum
196 2773 426 2850 enumerationi,
449 2773 479 2830 in
499 2773 599 2849 operis
618 2769 715 2828 fronte
730 2771 852 2848 positae,
876 2767 1038 2829 subiecisse
1055 2767 1245 2844 cognoscitur

74 2867 221 2949 llelissuS,
251 2867 475 2929 recurrentibus
505 2860 622 2950 (Simpl.
651 2867 668 2927 l.
693 2886 717 2927 c.
742 2886 769 2946 p.
796 2861 872 2946 112,
893 2859 941 2947 6):
970 2863 1078 2944 quibus
1102 2863 1245 2942 adiunge:

75 2957 112 3026 οὐ
137 2957 202 3048 γὰρ
228 2964 296 3030 ε”στι
320 2957 357 3026 τὸ
380 2957 425 3044 μὴ
449 2958 506 3026 ἐόν
530 2985 558 3044 p
581 2962 652 3045 104,
675 2960 724 3034 15.
762 2963 813 3024 sed
833 2965 1044 3044 circumspice:
1068 2962 1244 3023 deuenimus

74 3066 99 3122 in
123 3064 245 3124 bortum
270 3064 348 3124 unde
372 3063 524 3142 decerpsit
549 3062 756 3142 iatrosopbista
781 3069 883 3122 noster
911 3061 1243 3141 sapientiaellosculos

76 3163 214 3221 nimirum
233 3161 330 3220 lraosit
348 3163 375 3220 oi
393 3163 423 3221 in
443 3163 585 3220 memoria
601 3160 772 3239 scriptionis
786 3157 938 3218 Melissoae
955 3157 1118 3240 exordium,
1137 3177 1152 3218 a
1169 3159 1244 3218 Sim-

75 3260 159 3338 plicio
184 3259 367 3337 descriptum
391 3277 419 3337 p.
446 3255 522 3339 103,
548 3255 602 3318 13:
632 3263 702 3329 τοίς
724 3247 790 3336 γὰρ
813 3252 880 3315 τῶν
904 3251 1057 3334 φυσικόν
1082 3245 1244 3336 ἀξιώμασι

74 3347 280 3436 χρησόμενος
304 3345 321 3415 ὁ
344 3351 513 3428 Μέλισσος
531 3349 606 3438 περὶ
624 3348 784 3434 γενέσεως
801 3347 857 3413 καὶ
877 3349 1011 3433 φθορᾶς
1030 3344 1164 3434 ἄρχεται
1184 3351 1245 3415 τοῦ

74 3445 329 3534 συγγράμματος
357 3445 476 3526 οὕτως·
509 3448 568 3514 <nt
598 3445 671 3532 μὲν
703 3444 827 3532 μηδὲν
857 3449 953 3530 ἐστι,
982 3445 1069 3531 περὶ
1097 3445 1245 3514 τούτου

72 3552 108 3612 τί
129 3541 178 3612 do
202 3546 359 3630 λέγοιτο
387 3541 439 3623 obe
466 3543 603 3624 ἐόντος
629 3544 766 3631 νινός;’
795 3550 830 3610 ad
860 3551 945 3610 cuins
974 3551 1102 3628 speciem
1127 3551 1245 3610 confor-

73 3669 166 3711 masse
191 3649 425 3730 deprehenditur
446 3650 532 3710 baec:
562 3644 657 3710 ‘coin
684 3668 725 3728 γε
749 3640 798 3727 μὴ
823 3639 973 3709 ἐόντων
1000 3645 1089 3708 τίνα
1116 3638 1163 3708 όῖν
1186 3668 1245 3722 τις

74 3739 215 3829 οὐσίην
244 3740 493 3828 θεησάμενος
521 3739 799 3826 ἄπαγγείλειεν
828 3735 876 3817 ὡς
905 3739 1047 3820 ἐστιν;’
1076 3747 1187 3824 quain
1212 3765 1243 3806 re

74 3845 127 3908 boc
148 3848 224 3908 leuis
244 3854 290 3906 est
309 3847 460 3926 momenti,
484 3846 561 3924 quod
579 3844 732 3906 exorditur
746 3844 897 3905 Melissus:
921 3838 962 3903 ‘st
978 3842 1050 3902 nibil
1064 3851 1118 3920 est,
1137 3843 1173 3903 de
1188 3843 1245 3904 hoc

75 3947 156 4022 quasi
183 3947 222 4006 sit
245 3943 354 4022 aliquid
380 3943 449 4022 quid
475 3938 635 4004 αἱροίμεθ’
659 3936 710 4025 (ci.
736 3932 797 4002 οὐκ
820 3929 863 4002 dv
887 3932 1059 4021 φρόσαις
1082 3932 1121 4000 τό
1144 3932 1243 4020 γεμὴ

74 4036 129 4102 ἐόν
146 4075 183 4084 -
202 4033 244 4102 οὐ
266 4033 331 4120 γὰρ
355 4032 516 4102 troardo:
542 4033 583 4102 οὐ
607 4032 715 4120 φατόν
739 4035 828 4100 ἐστιν
853 4030 942 4111 ὅπως
961 4029 1022 4099 οὐκ
1042 4037 1110 4098 ἐστι
1124 4037 1245 4099 Parme—

73 4134 182 4222 nidea),
196 4139 273 4219 apud
289 4147 424 4199 nostrum
439 4157 512 4198 uero
527 4137 619 4198 habes
632 4159 639 4199 :
653 4136 729 4198 τίνα
740 4129 859 4217 οὐσίην
870 4128 1132 4218 θεησόμενοςε
1147 4128 1242 4197 -τὸ
1349 4179 1354 4187 ·

73 4235 221 4299 θεᾶσθαι
244 4235 392 4315 uidelicet,
415 4227 453 4298 τό
478 4228 707 4317 ὀφθαλμοῖσιν
731 4233 817 4296 ίόεῖν
839 4229 895 4295 καὶ
915 4229 1031 4316 γνιόμη
1050 4231 1182 4314 νοῆσαι,
1205 4229 1244 4296 τὸ

74 4325 158 4418 ὁρᾶν
181 4327 237 4395 καλ
260 4325 438 4414 γινώσκειν
462 4353 496 4394 ca
520 4353 585 4396 esse
609 4334 729 4416 iudicat,
753 4334 861 4413 quibus
885 4334 919 4394 ad
945 4335 1022 4394 entis
1046 4335 1243 4411 cognitionem
