2936 4902
700 270 918 333 „13-

226 433 362 494 docuisse
386 451 454 493 etxm
478 432 680 493 defenderent.
727 435 812 493 euius
840 435 885 492 rei
914 435 998 494 testis
1028 442 1074 493 est
1098 433 1205 494 Sextus
1229 432 1401 512 Empiricos

225 522 306 612 (adu.
320 528 408 589 Math.
425 528 447 587 X
464 524 595 612 313sq.)
615 531 751 590 reterens
770 531 855 591 haec:
878 525 1075 610 Ξενοφάνης
1098 523 1135 592 δὲ
1159 523 1239 591 κατ’
1266 522 1402 604 ἐνίους

224 620 260 687 ἐκ
283 623 344 708 γῆς
368 621 444 709 (scil.
468 621 605 689 άπέλιπε
627 620 688 708 την
711 623 854 708 γένεσιν,
878 619 911 704 ἐξ
935 622 1013 702 ἑνὸς
1027 621 1133 689 δὲκαὶ
1148 626 1248 690 ποιοῦ
1263 627 1400 708 γεγενῆ-

158 739 164 778 ῐ
225 729 307 787 σθαι
343 718 382 786 τὰ
412 719 520 788 πάντα
553 721 669 809 θέλει),
776 717 812 786 ἐκ
840 718 1006 788 πλειόνων
1034 718 1072 786 δὲ
1103 719 1158 786 καὶ
1191 717 1401 808 άριθμητῶυ,

160 808 162 818 ’
225 821 324 885 δυοῖν
347 819 424 904 μεύ,
455 823 516 905 γης
537 844 572 885 τε
595 819 650 884 καὶ
673 815 812 903 ὕδατος,
836 815 854 884 ὁ
878 811 1174 904 ποιητὴςὍμηρος
1273 819 1400 904 συμφέ-

224 926 345 1004 ρεσθαι
369 913 397 983 d’
423 915 512 1006 αύτῷ
538 921 631 984 δοκεῖ
655 913 735 982 κατ’
767 911 902 995 ἐνίους
929 916 984 982 καὶ
1011 911 1029 982 ὁ
1054 913 1276 998 Κολοφώνιος
1299 918 1400 993 Ξενο-
1463 917 1464 988 ζ

224 1014 344 1100 φάνης,
364 1040 439 1100 quae
459 1039 494 1081 ex
514 1020 661 1099 allegoriis
677 1020 841 1080 Homericis
860 1029 927 1080 aute
943 1018 1111 1080 Vitruuium
1130 1022 1269 1080 inunum
1288 1038 1399 1099 corpus

223 1119 350 1180 redactis
375 1138 428 1198 per
443 1118 634 1179 lleracleonis
658 1119 902 1179 commentarium
918 1115 1107 1192 Homericum
1132 1119 1162 1177 in
1183 1117 1265 1178 Sexti
1288 1117 1399 1177 librum

155 1226 158 1240 ¹
221 1217 419 1297 duxisse-quo
443 1217 533 1295 pollet
557 1219 693 1278 acumine
716 1218 868 1295 perspexit
891 1215 1079 1276 Hermauuus
1096 1215 1240 1276 Dielesius
1255 1208 1399 1298 (lloxogr.
1463 1227 1464 1234 ’

149 1326 154 1402 t
222 1333 251 1394 r·
274 1312 313 1376 91
327 1309 415 1398 sul-

150 1411 152 1420 ’
312 1412 468 1474 Mentitum
492 1431 551 1474 non
576 1431 641 1474 esse
666 1411 808 1473 Sabinum
829 1414 971 1494 uidimus,
995 1415 1046 1474 sed
1066 1432 1157 1493 praue
1179 1412 1325 1474 intellexit
1344 1413 1398 1473 Co-

228 1509 360 1589 lophonii
384 1513 570 1574 sententiam.
601 1531 696 1590 neque
721 1513 799 1572 enim
823 1511 1064 1598 physiologorum
1087 1511 1256 1573 lonicorum
1282 1513 1399 1571 rationo

225 1618 333 1670 terram
358 1610 537 1688 principium
561 1611 696 1687 posuisse
717 1609 943 1689 Xenophanem,
966 1628 1059 1689 equa
1079 1619 1109 1671 et
1128 1611 1257 1671 mundos
1277 1612 1399 1670 uniuer-

222 1724 273 1765 sus
297 1714 327 1766 et
350 1705 485 1766 homiues
509 1716 693 1788 constarent,
717 1716 747 1767 et
771 1707 834 1767 aliis
857 1707 931 1767 locis
954 1707 1111 1786 permultis
1130 1707 1309 1768 concludere
1327 1707 1401 1768 licet

222 1803 359 1884 atinde,
387 1804 467 1883 quod
496 1805 572 1884 apud
597 1804 785 1867 Aristotelem
810 1808 841 1866 in
864 1808 1031 1886 priscorum
1061 1806 1305 1886 philosophorum
1329 1825 1400 1866 ceu·

221 1921 289 1963 sura
314 1897 411 1963 ‘facile
436 1921 487 1963 eos
507 1903 634 1982 quoduis
658 1904 838 1966 elementum
861 1923 915 1984 pro
934 1906 1081 1985 principio
1101 1899 1252 1966 statuisse'
1271 1903 1400 1981 legimus

146 2065 157 2077 ,
221 1992 320 2080 πλὴν
343 1997 404 2080 γῆς
405 1994 629 2082 ’·.,(Metaph
604 2000 616 2059 l
651 1997 768 2088 8988
793 2001 811 2061 b
835 1995 903 2085 29)
928 2021 1094 2082 quaecum
1123 2004 1163 2063 ita
1183 2011 1295 2080 esseut,
1320 2003 1399 2080 apud

93 2081 456 2177 *Theophrastum
484 2098 540 2159 hoc
569 2117 629 2160 non
657 2102 753 2178 potuit
781 2098 907 2159 relatum
936 2100 1072 2162 inuenire
1101 2100 1239 2160 Galenus.
1269 2101 1294 2158 si
1323 2117 1400 2158 uero

219 2196 290 2254 uiuo
272 2199 389 2273 gentius
417 2197 624 2274 inquisiuisset
659 2201 690 2257 iu
719 2198 965 2275 pretiosissimam
992 2195 1174 2275 Opinionem
1207 2195 1400 2274 physicarum

220 2293 366 2376 syllogeu,
395 2296 459 2355 siue
487 2294 578 2355 duhio
606 2296 637 2353 in
661 2313 729 2360 eum
752 2294 850 2356 locum
875 2293 1043 2374 incidisset,
1067 2314 1103 2354 ex
1127 2292 1308 2372 Opinionum
1333 2297 1397 2374 epi·
1464 2301 1465 2306 ’

219 2399 297 2451 toma
328 2392 453 2470 qtradaxu
484 2391 519 2451 ab
550 2391 709 2472 Hippolyto
740 2401 911 2472 excerptum
943 2385 1067 2474 (Philus.
1095 2391 1147 2473 14,
1172 2389 1193 2453 5
1222 2391 1279 2474 sq.)
1310 2393 1400 2454 nohis

121 2483 124 2488 ’
220 2507 307 2567 quem
337 2491 394 2550 fata
420 2497 593 2568 seruaruut,
621 2490 699 2551 uude
728 2492 887 2551 memoriae
919 2489 997 2551 illius
1028 2491 1064 2551 de
1094 2492 1242 2570 principio
1275 2502 1398 2553 terreno

218 2591 367 2662 ora'pr'nem
389 2590 559 2668 perspicere
584 2597 707 2668 poterat,
757 2577 924 2650 notissimas
948 2588 1013 2648 illas
1042 2588 1107 2649 dico
1131 2587 1320 2669 Xenophanis
1345 2590 1399 2651 ob-

219 2688 405 2745 seruationes
429 2684 702 2765 palaeoutologicas.
734 2690 777 2747 eis
801 2689 893 2766 eninr,
921 2686 1000 2765 quod
1030 2686 1159 2746 conchae
1189 2690 1400 2766 reperirentur
1449 2691 1454 2702 '

221 2783 324 2860 procul
349 2801 364 2842 a
389 2785 463 2843 mari
492 2783 630 2862 quodque
660 2785 827 2846 animalium
856 2787 1043 2854 marinorum
1062 2786 1205 2862 imagines
1229 2784 1318 2864 lapidi
1341 2790 1398 2847 iru-

218 2899 337 2959 pressas
358 2884 436 2942 uisas
456 2900 521 2942 esse
542 2890 693 2942 constaret
711 2885 742 2942 iu
762 2882 911 2944 lautumiis
936 2883 1142 2963 Syracusanis,
1165 2882 1245 2965 Pari,
1269 2883 1398 2966 Melitae,

218 2981 394 3039 testimoniis
406 2997 480 3040 usus
491 2982 622 3041 extitisse
634 2980 783 3056 quondam
793 2991 889 3042 terrae
898 2990 929 3041 et.
939 2982 1027 3040 maris
1038 2981 1278 3041 commixtionem
1296 2980 1398 3042 Xeno-

217 3077 329 3154 phanes
341 3071 409 3137 c'um
431 3080 592 3157 sumpsisse
609 3077 742 3138 tradatur
757 3069 789 3161 (d
807 3072 844 3140 δὲ
858 3071 1056 3158 Ξενοφάνης
1069 3073 1159 3157 μῖξιν
1173 3074 1231 3158 τῆς
1240 3077 1302 3158 γης
1312 3074 1398 3160 πρὸς

216 3168 279 3255 τὴν
302 3168 481 3258 θάλασσαν
509 3173 665 3254 γίνεσθαι
695 3173 789 3237 δοκεῖ
816 3171 872 3238 καὶ
899 3174 944 3262 τῷ
972 3168 1083 3260 χρόνῳ
1111 3167 1176 3237 ὑπὸ
1202 3173 1261 3237 τοῦ
1285 3168 1397 3258 ύγρού
1465 3227 1466 3244 t

217 3267 374 3351 ridendae,
398 3266 537 3354 φάσκων
565 3265 720 3346 τοιαύτας
748 3273 835 3356 ἔχειν
863 3269 1061 3352 ἀποδείξεις,
1096 3264 1146 3334 ὅτι
1174 3269 1211 3334 ἐν
1238 3268 1321 3356 με’ση
1352 3275 1397 3358 γη

217 3365 271 3432 καὶ
296 3365 409 3453 ὄρεσιν
433 3361 643 3452 εὑρίσκονται
662 3364 790 3452 κόγχαι,
810 3366 865 3433 καὶ
885 3368 921 3434 ἐν
944 3364 1179 3453 Συρακούσαις
1202 3364 1240 3432 δὲ
1263 3368 1299 3433 ἐν
1322 3381 1400 3447 ταῖς
1465 3377 1466 3408 ³

217 3469 387 3549 λατομίαις
405 3464 492 3547 λέγει
511 3459 677 3548 εὑρῆσθαι
695 3461 802 3530 τύπον
822 3462 941 3550 ἰχθύος
959 3463 1014 3530 καὶ
1033 3466 1168 3550 φακῶν,
1184 3464 1220 3529 ἐν
1236 3462 1273 3530 δὲ
1287 3465 1398 3555 Πάρῳ

215 3561 321 3628 τύπον
350 3557 462 3647 άφύης
490 3563 525 3627 ἐν
552 3563 598 3652 τῷ
621 3559 723 3646 βάθει
753 3565 814 3629 τοῦ
841 3566 959 3646 λίθου,
989 3563 1025 3629 ἐν
1054 3560 1091 3629 δὲ
1115 3566 1243 3648 Μελίτη
1268 3561 1400 3642 πλάκας
1465 3563 1466 3568 ’

217 3656 420 3744 συμπάντων
444 3663 642 3725 θαλασσίων
666 3684 693 3744 p.
718 3661 783 3726 566
807 3659 914 3749 Diels),
938 3668 978 3726 ita
1007 3665 1140 3746 quidem,
1169 3673 1203 3726 ut
1231 3666 1261 3724 in
1289 3667 1398 3727 limum

163 3841 166 3846 Α
216 3765 314 3823 omnia
338 3771 588 3829 connecterentur
612 3759 730 3844 (ταῦτα
754 3759 794 3826 de'
815 3771 905 3847 φησι·
917 3757 1087 3843 γενέσθαι,
1107 3754 1162 3826 ὅτε
1185 3754 1293 3824 πάντα
1316 3759 1398 3844 ἐπη-

215 3856 376 3940 λάθησαυ
404 3853 519 3942 πάλαι,
543 3852 603 3923 τὸν
627 3855 665 3923 δὲ
688 3855 794 3924 τύπον
818 3859 855 3924 ἐν
878 3859 923 3946 τῷ
948 3858 1040 3947 πηλῷ
1065 3856 1276 3942 ξηρανθῆυαι
1298 3857 1399 3944 ibid),

216 3959 368 4018 hominum
397 3967 427 4019 et
449 3968 603 4038 parentem
632 3968 662 4020 et
691 3963 814 4022 exitium
842 3951 1071 4042 (decrostatione
1095 3952 1132 4020 dl
1155 3950 1234 4032 τούς
1256 3949 1397 4039 ἀνθρά-

215 4073 299 4127 πους
321 4048 456 4138 πάντας,
481 4047 562 4118 ὅταν
586 4048 606 4138 ἡ
629 4055 671 4138 γῆ
691 4060 927 4139 κατενεχθεῖσα
946 4055 994 4129 εἰς
1011 4049 1072 4138 την
1090 4051 1269 4118 θάλασσαν
1287 4049 1400 4137 πηλὸς

215 4149 365 4234 γένηται,
394 4145 462 4216 εἶτα
490 4146 592 4215 πάλιν
620 4148 783 4237 ἄρχεσθαι
810 4151 869 4235 τῆς
896 4148 1084 4238 γενέσεως),
1113 4189 1153 4197 —-
1183 4153 1241 4215 duo
1272 4155 1398 4234 quidem

217 4253 361 4313 elementa
386 4255 416 4313 iu
440 4260 580 4333 promptu
604 4262 690 4313 eraut
713 4271 809 4332 neque
835 4262 930 4312 tamen
956 4255 1089 4332 ineptum
1113 4253 1216 4313 latiore
1241 4271 1332 4313 seusu
1355 4253 1399 4314 de

132 4425 139 4433 ι
216 4359 295 4410 terra
314 4351 374 4410 sola
394 4351 484 4431 loqui,
499 4353 608 4430 quippe
624 4369 711 4429 qtram
727 4351 867 4411 deorsum
881 4352 910 4410 iu
926 4352 1073 4412 indultum
1095 4369 1219 4432 uergere
1235 4353 1400 4414 statuisset
