2936 4902
710 278 926 342 „32..

147 480 150 488 -
232 441 415 502 collectionis
439 443 566 521 positum
592 459 657 500 esse
682 441 872 501 manifestum
897 448 956 521 est,
987 449 1020 501 ut
1043 440 1245 520 pulcherrimo
1269 441 1321 502 illo
1348 443 1403 501 sin·
1459 421 1460 450 ³

232 541 364 600 ceritatis
391 542 529 619 antiquae
561 548 752 600 monumento
781 539 816 599 ad
847 539 1019 619 religiosum
1043 543 1177 620 corporis
1201 541 1406 623 Hippocratici

233 638 364 699 studium
388 639 445 699 rite
464 645 713 717 praepararentur
731 637 892 721 legentium
913 640 1011 717 animi,
1031 638 1198 717 Aphorismi
1220 648 1250 700 et
1273 640 1406 719 Progno-

234 738 342 797 sticum
360 755 484 816 operum
505 735 771 816 Hippocrateorum
790 735 876 815 longe
896 737 1019 796 inerunt
1042 737 1207 817 notissima,
1231 737 1259 797 id
1286 736 1368 816 qnod
1393 755 1406 795 e

233 835 369 895 codicum
393 835 580 896 multitudine
605 836 676 896 satis
695 833 823 894 dilucide
847 827 1064 915 perspicitur.¹)
1102 834 1153 894 sed
1173 836 1237 895 siue
1258 853 1405 895 conexum

232 933 420 994 intercedere
444 935 631 1011 suspicamur
650 935 729 993 inter
748 931 868 993 Suidam
893 940 923 993 et
947 931 1111 1010 catalogum
1132 931 1317 1012 Vaticanum,
1344 935 1407 993 siue

232 1030 415 1112 dubitamus,
447 1049 553 1111 parum
584 1039 669 1092 caute
702 1050 719 1090 e
747 1030 883 1091 codicum
914 1039 1017 1090 natura
1047 1040 1254 1110 argumentum
1284 1034 1407 1111 petiisse
1460 1079 1461 1090 τ

160 1179 162 1184 ,
234 1128 450 1190 Ermerinsium
475 1137 598 1190 constat.
637 1148 733 1209 neque
758 1131 838 1189 enim
857 1128 915 1189 ulla
940 1117 1027 1189 causa
1052 1147 1222 1209 monemur,
1245 1138 1278 1190 ut.
1303 1130 1408 1190 classis

233 1230 342 1306 prioris
365 1227 506 1308 indicem,
535 1227 739 1288 Parisinorum
764 1227 878 1287 scilicet
902 1224 989 1288 2255
1018 1235 1048 1287 et
1071 1224 1173 1310 2254,
1199 1230 1229 1288 in
1254 1247 1313 1306 quo
1339 1235 1408 1308 post

232 1324 440 1386 Iusiurandum
465 1325 569 1386 eodem
598 1324 675 1405 quod
705 1324 879 1388 Erotianum
909 1333 1046 1386 secutum
1078 1343 1144 1386 esse
1172 1326 1303 1386 uidimus
1337 1345 1407 1386 con-

180 1458 183 1461 ·
233 1423 298 1483 silio
326 1415 366 1483 τὰ
394 1420 440 1497 εἰς
468 1415 527 1484 τὸν
551 1417 626 1505 περὶ
644 1416 759 1506 τέχνης
778 1421 930 1484 τείνοντα
948 1414 1052 1503 λόγον
1081 1433 1309 1504 componentem
1341 1443 1407 1484 sese

232 1523 385 1601 excipiunt
406 1515 526 1602 νόμος,
550 1515 625 1602 περὶ
648 1514 778 1601 τέχνης,
802 1514 877 1603 περὶ
896 1511 1036 1604 ἄρχαίης
1054 1520 1217 1604 ἰητρικῆς,
1242 1540 1408 1605 παραγγε-

231 1618 315 1698 λίαι,
339 1614 413 1700 περὶ
437 1610 707 1701 εὐσχημοσύνης,
731 1617 766 1678 ad
791 1621 884 1697 prima
910 1620 1174 1681 Alexandrinorum
1200 1627 1335 1700 tempora
1362 1641 1406 1681 re·

233 1719 375 1780 ieramus:
400 1728 503 1779 contra
528 1738 599 1779 uero
623 1720 653 1778 in
678 1716 810 1794 catalogo
834 1717 987 1798 Vaticano,
1016 1719 1101 1780 ualde
1131 1737 1219 1798 quem
1250 1722 1409 1798 antiquum

233 1835 298 1888 esse
318 1816 393 1877 leuis
413 1825 458 1876 est
477 1818 622 1895 suspicio,
643 1815 750 1875 horum
774 1814 918 1876 librorum
942 1816 1015 1877 ordo
1039 1834 1164 1896 prorsus
1188 1825 1233 1876 est
1257 1817 1410 1897 diluerem,

233 1922 334 1993 utpote
354 1906 462 1994 νόμον
481 1916 531 1992 qui
552 1912 687 1974 exhibeat
706 1911 837 1973 secundo
858 1911 930 1994 loco,
950 1907 1023 1994 περὶ
1042 1907 1159 1994 τέχνης
1173 1913 1305 1974 libellum
1321 1918 1410 1994 quin·

232 1997 424 2092 qrrag'ensimo
444 2013 558 2091 quinto,
581 2004 656 2092 περὶ
679 2001 819 2091 ἀρχαίης
837 2009 985 2093 ἰητρικῆς
1004 2014 1270 2091 quinquagensimo
1291 2025 1410 2092 quarto.

322 2109 495 2170 Transimus
519 2110 554 2170 ad
578 2110 737 2186 scribendi
756 2126 854 2182 penus
878 2113 967 2171 trium
993 2129 1067 2189 quae
1093 2118 1253 2172 tractamus
1278 2131 1410 2191 opuscu-

233 2209 329 2269 lorum
349 2208 588 2288 oomparandum.
622 2227 709 2287 quiem
729 2208 826 2268 locum
842 2211 920 2268 sieut
935 2209 1159 2270 antecedentem
1175 2208 1271 2270 obiter
1286 2213 1411 2270 strinxit
1462 2283 1463 2294 ἶ

233 2307 444 2368 Ermerinsius
490 2309 563 2369 satis
587 2309 664 2366 enim
688 2305 791 2366 habuit
814 2305 902 2386 Legis
925 2307 1013 2388 duos,
1037 2308 1236 2386 posteriorum
1261 2307 1410 2370 librorum

232 2406 365 2486 singulos
393 2406 475 2468 locos
503 2407 625 2486 ailerre,
647 2423 662 2465 e
688 2404 795 2484 utribus
820 2408 989 2485 appareret,
1018 2405 1124 2466 lrorum
1152 2404 1319 2466 libellorum
1346 2427 1410 2468 ser·

235 2523 366 2586 monem,
389 2503 536 2566 tumidum
560 2523 647 2583 quem
668 2513 767 2582 uocat,
792 2504 927 2564 lucosnm
952 2504 1146 2583 ampullisque
1166 2504 1324 2586 refertum,
1348 2525 1410 2566 non

232 2603 319 2663 modo
343 2602 378 2662 ab
403 2601 590 2682 Hippocratis
614 2601 739 2680 simplici
763 2603 936 2680 integraque
962 2599 1111 2662 scribendi
1137 2603 1250 2661 rationo
1276 2621 1409 2663 summo·

232 2720 304 2779 pere
333 2701 485 2761 diuersum
515 2718 593 2779 esse,
626 2699 676 2759 sed
707 2693 815 2758 ‘unum
844 2697 993 2759 hominem
1025 2716 1153 2776 eumque
1181 2706 1264 2759 certo
1293 2705 1411 2763 certius

232 2801 353 2863 rhetora
376 2810 406 2862 et
429 2792 607 2881 sophistam’
630 2796 766 2876 prodere.
1463 2869 1464 2882 ρ

320 2899 362 2960 De
382 2897 526 2959 librorum
546 2897 811 2976 Hippocrateorum
832 2913 969 2956 sermone
989 2915 1067 2957 tinus
1087 2905 1229 2976 quantum
1250 2897 1313 2956 scio
1334 2897 1409 2958 ube-

233 2999 311 3058 riora
331 2997 431 3057 docuit
446 2994 704 3056 HHuehleweinus
724 2996 752 3053 iu
773 2993 980 3054 dissertatione
1009 2997 1057 3055 oui
1086 2995 1204 3056 titulum
1220 2999 1410 3074 praeposuit:
1463 3011 1464 3030 ¹

233 3091 476 3156 ‘Obseruationes
501 3093 537 3153 de
561 3110 618 3153 usu
643 3091 854 3171 particularum
878 3093 909 3151 in
932 3090 1016 3152 libris
1036 3095 1087 3171 qni
1106 3092 1196 3170 uulgo
1216 3090 1410 3171 Hippocratis

233 3196 352 3255 nomine
386 3185 657 3254 circumferuntur’
686 3184 829 3270 (Gotting.
862 3182 969 3271 1870).
1022 3192 1171 3269 congessit
1199 3193 1224 3250 is
1254 3210 1270 3250 o
1299 3190 1409 3251 libellis

234 3290 473 3372 notabilioribus,
497 3306 692 3370 quaecunque
711 3288 747 3348 ad
768 3305 854 3348 usum
874 3288 1086 3366 particularum
1102 3297 1132 3348 et
1147 3287 1408 3350 aduersatiuarum

232 3398 262 3450 et
277 3389 513 3469 copulatiuarum
528 3397 558 3449 et
572 3386 694 3448 aliarum
714 3385 899 3464 quarundam
918 3395 1055 3449 accurate
1076 3386 1315 3466 cognoscendum
1336 3406 1409 3447 oon-

223 3489 346 3566 ,lerrent
363 3505 460 3566 neque
481 3486 595 3547 nullum
610 3483 725 3545 rettulit
744 3482 853 3544 laboris
868 3484 979 3545 assidui
995 3487 1134 3546 tructum.
1171 3492 1260 3564 atque
1276 3485 1408 3545 animad-

233 3589 324 3646 uertit
356 3586 475 3665 quidem
503 3587 552 3645 uir
579 3583 767 3664 Hippocratis
801 3582 1050 3664 studiosissimus,
1083 3584 1119 3644 de
1153 3580 1262 3663 quibus
1291 3585 1410 3662 agimus

232 3683 444 3764 opusculorum
465 3686 556 3744 trium
577 3682 756 3760 singularem
777 3699 842 3741 esse
862 3681 1080 3761 condicionem,
1100 3683 1328 3757 congruentium
1345 3700 1410 3742 sae-

232 3784 352 3862 pissime
377 3800 445 3842 cum
469 3780 545 3841 libro
569 3773 643 3861 περὶ
669 3777 796 3857 διαίτης
819 3768 938 3858 ὀξέων,
962 3796 977 3837 a
997 3777 1082 3838 libris
1100 3770 1175 3859 περὶ
1194 3769 1305 3857 ἀέρων
1324 3769 1409 3839 ddal-

231 3899 299 3940 των
323 3874 433 3940 τόπων
458 3888 487 3940 et
510 3873 584 3961 περὶ
607 3876 676 3940 τῶν
694 3873 732 3939 ἐν
749 3875 876 3960 κεφαλῇ
896 3868 1080 3958 τρωμάτων
1098 3875 1332 3954 discrepantium
1352 3870 1408 3960 (cl.

231 3997 259 4056 p.
280 3974 309 4037 9.
340 3974 390 4038 72.
415 3974 464 4038 76.
493 3970 565 4061 94);
594 3977 691 4059 quoad
721 3996 793 4039 uero
822 3979 900 4037 inter
928 3993 960 4036 se
989 3974 1171 4035 concordent
1199 3983 1251 4034 aut
1278 3977 1410 4056 uariant,

231 4074 327 4135 adlmc
351 4074 429 4135 latet.

320 4171 344 4232 E
368 4173 485 4234 dialecti
508 4173 681 4235 diuersitate
700 4172 846 4235 calculum
870 4175 931 4252 peti
950 4190 1037 4250 posse
1053 4170 1143 4261 ,laoile
1163 4171 1303 4248 opineris.
1341 4179 1409 4232 tan·

303 4303 330 4370 1)
349 4299 525 4371 Prognostici
545 4300 731 4369 quodraginta
751 4299 861 4355 circiter
884 4301 1006 4355 celetem
1026 4299 1153 4353 tulerunt
1171 4296 1290 4366 codices,
1310 4298 1410 4368 plures

231 4381 322 4438 adhuc
341 4379 570 4452 Aphorismorum
589 4381 634 4449 (el.
655 4379 887 4434 Kuehlewein.
920 4379 1013 4434 Herm.
1033 4378 1124 4434 XVllI
1142 4397 1169 4450 p.
1191 4380 1243 4448 17).
