2994 4898
560 269 777 332 ,19-

89 433 276 512 Xenophanes
310 426 421 513 (γαίης
447 425 509 512 μὲν
537 425 613 493 τόδε
643 438 758 513 πεῖρας
791 423 860 493 όνω
892 424 957 515 πὰρ
990 425 1111 494 ποσσὶν
1135 422 1253 514 ὁρᾶται

87 527 193 613 αἰθέρι
207 523 429 613 προσπλάζον,
444 523 484 590 τὰ
498 523 587 591 κάτω
612 521 641 591 d'
663 526 700 604 ἐς
722 521 861 612 ἄπειρον
886 523 992 622 [sprec
1017 531 1052 592 ir.
1078 527 1141 612 12),
1165 533 1254 591 maris

87 629 310 710 receptaculum.

169 727 206 788 Vt
229 727 372 789 Sabinum
402 729 507 788 iecisse
532 728 676 807 indimus,
708 729 748 786 ita
777 729 864 787 ctiam
894 727 1040 806 sophistas
1065 721 1254 807 φάσκοντας

85 823 146 906 γῆν
173 817 260 888 εἶναι
287 819 325 888 τὸ
354 821 401 888 ἕν.
418 847 454 887 τε
480 819 536 887 καὶ
565 821 602 886 τὸ
633 822 700 886 πᾶν
728 842 820 884 uersu
849 823 1048 905 Xenophaneo
1078 827 1158 886 nisos
1187 843 1253 885 esse
1293 876 1296 882 .

86 943 173 1003 prauo
201 924 366 1006 intellecto,
399 925 475 985 haud
507 923 676 984 uerisimile.
724 921 773 983 cnl
809 922 945 1002 physicae
978 925 1101 983 rationis
1130 926 1253 1002 uestigia

85 1029 216 1083 tenemus
245 1023 461 1083 reconditioris
508 1040 635 1100 namque
665 1020 841 1080 Archelaum
870 1029 979 1081 terram
1012 1022 1148 1082 docuisse
1173 1024 1253 1100 prin-

83 1120 190 1197 cipium
216 1120 293 1198 quod
319 1121 412 1180 relert
435 1118 619 1200 Epiphanius
648 1104 889 1199 (ἎρῖεἾαοςῖ
911 1111 976 1180 [ἐκ
1000 1117 1060 1200 γῆς
1082 1111 1122 1180 τὰ
1145 1111 1254 1181 πάντα

83 1211 168 1296 alifia
192 1210 416 1297 γεγενῆσθαι.’
450 1207 533 1296 αὕτη
556 1208 620 1296 γάρ
645 1207 729 1296 ἀρχὴ
753 1213 820 1277 τῶν
850 1208 938 1278 ὅλων
959 1212 1083 1296 ΐστίνζ
1100 1209 1145 1290 όός
1172 1229 1254 1296 φησι

83 1335 111 1392 p.
138 1313 203 1376 590
236 1312 343 1397 Diels),
376 1325 477 1394 aperte
511 1322 614 1394 peccat
647 1308 698 1394 (cl.
728 1315 852 1395 horogr.
883 1337 910 1395 p.
942 1310 1033 1399 177);
1048 1311 1164 1474 Lneqne
1196 1316 1254 1376 huc

82 1414 235 1492 qrradrant,
255 1433 330 1492 quac
350 1398 751 1490 rradrrnrhoeumpedoore
771 1403 1009 1493 (Ἐμπεδοκλῆς
1028 1405 1047 1474 ό
1067 1433 1081 1474 a
1097 1410 1253 1492 ἐγεννᾶτο

78 1507 115 1571 τὸ
133 1508 203 1572 τῶν
222 1502 416 1592 ἀνθρώπων
435 1505 531 1590 γένος
551 1505 586 1571 ἐκ
604 1495 663 1590 τῆς
681 1506 742 1588 γῆς
824 1511 899 1571 nerii
915 1511 992 1572 Plac.
1007 1511 1030 1570 V
1047 1509 1103 1590 18,
1115 1507 1156 1592 l),
1180 1513 1253 1571 Arra·
1298 1531 1314 1548 f

79 1627 195 1691 ragom,
220 1608 350 1686 Diogene
375 1609 556 1688 Apolloniala
586 1602 767 1688 (Διογένης
787 1600 1010 1690 Ἀναξαγόρας
1033 1605 1112 1688 μετὰ
1137 1600 1174 1669 τὸ
1198 1623 1255 1669 σν-

79 1703 199 1786 στῆναι
222 1699 282 1765 τὸν
305 1699 433 1785 κόσμον
456 1699 511 1766 καὶ
534 1701 575 1766 τὰ
600 1702 664 1779 ζῶα
689 1701 723 1766 ἐκ
746 1703 804 1785 τῆς
823 1704 884 1786 γῆς
908 1701 1160 1786 ἐξαγαγεῖν...
1184 1705 1254 1767 ibid.

78 1801 166 1884 118,
198 1799 245 1884 1),
279 1837 319 1846 -
344 1806 380 1864 de
411 1803 627 1863 Anaximandro
661 1805 835 1865 Parmenide
869 1804 1036 1864 llemocrito
1070 1812 1103 1864 ut
1134 1807 1254 1864 omnino

78 1910 202 1983 taceam,
226 1935 264 1943 -
287 1903 425 1980 quoniam
450 1921 465 1962 a
486 1903 632 1981 principio
652 1906 740 1963 unico
760 1901 950 1962 abhorruisse
970 1903 1086 1980 priores
1105 1899 1254 1961 neminem

78 1999 165 2080 sugit,
189 1999 335 2078 Diogenes
355 2007 476 2060 secutus
497 2009 543 2060 cst
562 2002 779 2060 Anaximenem.
814 2003 923 2079 itaque,
948 2019 1015 2059 cum
1036 2017 1132 2078 neque
1152 1999 1255 2059 mundi

78 2099 217 2156 uniuersi
247 2105 355 2156 terram
384 2098 563 2176 principium
593 2097 780 2176 profitentem
810 2096 963 2157 uideamus
985 2115 1163 2176 rprernquam
1183 2087 1253 2155 ‘ort

74 2189 112 2253 τὸ
144 2186 407 2254 ὃνσαλλοίοοτον’
443 2187 561 2276 (Simpl.
590 2197 619 2254 in
649 2195 697 2255 dr.
723 2194 809 2274 Phys.
834 2215 861 2274 p.
888 2192 950 2255 149
980 2187 1123 2276 llicls)¹),
1156 2211 1253 2271 neque

74 2295 216 2372 corporis
249 2291 381 2372 humani,
420 2293 449 2350 in
484 2292 586 2353 Galcni
619 2293 866 2371 acquiescendum
906 2293 1119 2370 consolatione,
1158 2309 1253 2368 neque

74 2409 185 2452 omncs
209 2388 314 2468 placita
340 2407 391 2449 sua
416 2386 523 2450 litteris
550 2390 703 2450 mandasse
729 2409 783 2451 nec
808 2409 865 2450 non
886 2389 1072 2450 intercidisse
1092 2388 1253 2448 multorum

73 2489 173 2550 libros
197 2487 325 2567 prolixe,
355 2489 396 2547 uti
427 2487 515 2568 solet,
544 2491 719 2567 exponentis
749 2480 903 2569 (ἄμεινον
927 2481 988 2568 μὲν
1012 2473 1074 2548 οὖν
1099 2484 1255 2566 εἰρῆσθαι

62 2595 148 2660 τοῖς
178 2582 349 2664 ἐξηγηταῖς
377 2575 421 2656 ὡς
449 2578 531 2664 τόχα
559 2579 620 2665 μὲν
649 2576 719 2646 οὐδ’
752 2585 902 2668 ἔγραψαν
931 2579 1052 2658 πάντες
1080 2569 1174 2645 οὗτοι
1197 2581 1256 2656 τὰς

71 2679 210 2745 ἑαυτῶν
235 2675 345 2756 δόξας·
394 2677 532 2763 ἐγχωρεῖ
559 2677 597 2744 di
624 2678 679 2743 καὶ
702 2677 905 2764 γραψόντων
930 2673 1042 2744 αὐτοῖν
1066 2679 1110 2762 μὴ
1135 2678 1255 2742 διασω-

70 2781 196 2862 θῆναι.
229 2780 383 2859 φαίνεται
402 2776 466 2861 γὰρ
485 2778 585 2841 rotro
604 2778 685 2841 κατὰ
706 2769 846 2853 τινῑείονςΙ
859 2779 966 2852 αἰτίας
983 2773 1184 2860 γιγνόμενον
1199 2789 1255 2840 etc.

70 2879 126 2939 XV
154 2875 250 2959 pte
275 2897 318 2956 sq.
356 2878 393 2939 ol.
417 2897 444 2956 p.
469 2875 510 2938 67
540 2873 607 2960 sep).
628 2911 670 2922 —

174 2976 234 3035 dlia
259 2978 372 3035 ratione
398 2976 433 3036 dc
459 2979 593 3055 corporis
617 2977 737 3036 humani
766 2962 978 3055 compositione
1007 2976 1255 3055 philosophaban-

71 3085 144 3156 tur,
175 3072 244 3133 libri
270 3067 344 3153 περὶ
365 3067 495 3153 φύσιος
522 3065 707 3156 ἀνθρώπου
736 3073 881 3152 capitibns
909 3073 1001 3134 altero
1030 3083 1059 3134 et
1088 3077 1175 3134 tertio
1205 3079 1254 3154 qni

68 3178 278 3232 recensentur
309 3172 423 3233 medici.
470 3183 558 3252 atque
587 3172 616 3232 id
646 3172 763 3251 quidem
793 3174 835 3232 eis
865 3190 932 3232 curn
962 3171 1102 3252 sophistis
1131 3173 1167 3234 de
1191 3177 1254 3253 qui-

66 3272 133 3332 hus
152 3270 281 3329 diximus
296 3287 452 3329 commune
468 3278 522 3350 est,
537 3269 616 3348 quod
627 3288 719 3330 κακον
734 3270 868 3348 corporis
882 3268 1003 3328 humani
1017 3279 1132 3347 ponunt
1147 3273 1255 3349 princi-

68 3373 180 3449 pium,
205 3374 321 3426 mutans
346 3369 475 3445 speciem
500 3385 532 3426 ac
557 3367 724 3428 facultatem
749 3365 843 3425 calido
868 3365 1033 3445 frigidoqnc
1058 3377 1191 3427 coactum
1216 3371 1255 3428 ita

65 3469 119 3528 uti
150 3466 203 3524 irat
227 3463 311 3524 dulce
336 3482 468 3525 amarum
492 3463 591 3524 album
615 3472 712 3524 atrum
736 3464 812 3524 aliud
838 3463 907 3543 quid
932 3459 1103 3544 (ἐπίλογον
1128 3459 1165 3526 di
1188 3484 1256 3526 κοι-

65 3564 198 3627 εὗνται
218 3555 273 3621 καὶ
292 3545 385 3622 οὗτοι
405 3555 524 3635 πάντες
542 3554 601 3622 τὸν
621 3553 738 3622 αὐτόν·
758 3559 794 3622 ἓν
814 3556 877 3641 γάρ
897 3582 927 3622 τι
952 3553 1041 3622 εἷναί
1062 3576 1166 3641 φασιν
1190 3564 1255 3622 κτλ.

158 3709 184 3775 1)
205 3706 294 3772 Quam
309 3706 463 3762 doctrinam
475 3707 523 3775 qni
532 3707 666 3776 respiciat
680 3710 789 3776 praeter
804 3671 1070 3774 Psendippocrateni
1085 3706 1174 3760 solum
1191 3708 1256 3760 noui

65 3787 247 3845 Lucretium
267 3785 278 3838 Ι
299 3791 350 3842 705
361 3804 426 3855 sqq:

298 3885 358 3950 Qua
377 3887 492 3955 propter
511 3883 559 3953 qui
577 3886 723 3939 materiem
742 3902 832 3938 rerum
853 3899 912 3937 esse
931 3884 1066 3950 putarunt

245 3966 340 4035 ignem
360 3969 445 4034 atque
460 3981 497 4019 ex
517 3963 577 4034 igni
596 3981 731 4018 summam
751 3964 900 4018 consistere
920 3980 1011 4032 posse,

248 4048 277 4100 et
295 4043 343 4112 qni
361 4044 530 4114 principium
550 4045 700 4116 gignundis
718 4050 783 4099 aera
801 4045 884 4098 rebus

246 4125 423 4192 constituere,
444 4125 494 4178 aut
512 4142 638 4180 umorem
657 4124 706 4194 qni
725 4140 843 4192 comque
861 4123 996 4193 putarunt

245 4205 349 4281 tingere
368 4222 412 4259 res
431 4205 521 4273 ipsum
543 4223 593 4274 per
612 4223 649 4274 se,
668 4209 802 4259 torretorre
820 4220 912 4258 oreore

246 4285 339 4338 omnia
358 4287 431 4338 etin
450 4302 540 4338 rerum
559 4291 676 4339 naturus
694 4287 795 4338 κανόνα
813 4285 914 4338 ononis:

246 4381 349 4435 magno
368 4381 450 4433 opere
470 4382 487 4418 a
507 4381 573 4419 uero
591 4365 675 4434 longe
694 4365 819 4418 derrasse
839 4365 977 4417 uidentur.
1037 4390 1040 4395 ·

1009 4451 1046 4504 2*

1354 943 1397 1002 ί

1340 999 1369 1022 s
