2936 4902
531 277 747 342 ,37-

140 439 185 499 Nil
209 441 271 501 iere
296 442 441 502 eiusmodi
465 444 495 501 in
515 442 658 502 tredecim
678 441 824 521 capitibus
844 440 918 526 περὶ
940 440 1063 526 τέχνης.
1102 447 1221 506 omissis

51 540 190 598 nimirum
219 546 253 598 ut
276 556 332 616 par
355 548 400 600 est
423 540 558 600 tcrrninis
582 541 633 618 qui
656 549 868 620 nuncupantur
893 543 1020 604 technici
1045 542 1221 622 quibusdam

64 637 87 696 id
108 637 277 718 praecipue,
302 636 380 715 quod
404 637 441 697 VI
464 657 492 717 p.
508 635 588 699 22L
613 646 705 716 extat,
730 634 879 701 έλινύει
903 641 939 700 ab
959 643 1124 702 Atticorum
1149 645 1221 703 scri·

62 743 170 813 ptoruur
193 753 249 795 usu
273 735 402 795 alienum
427 736 545 797 uidetur
565 737 656 796 fuisse
681 731 880 820 (repugnante
904 739 1036 800 Moeride
1060 759 1087 819 p.
1106 737 1166 800 161
1183 740 1219 800 P:

63 827 192 894 ἐλινύων
207 823 373 912 Ἀττικῶς,
392 825 647 914 ἀναπαυόμενος
661 825 883 920 Ἑλληνικῶς),
922 839 1032 916 optirnc
1052 839 1131 898 enim
1150 856 1220 899 con-

63 932 135 989 uenit
157 949 224 990 curn
247 933 305 1011 eis,
333 949 408 1010 quae
437 932 545 994 docent
573 931 701 994 Galenus
730 929 860 1016 (τελέως
889 926 1020 1015 ἀργείν,
1048 926 1128 1016 ὅπερ
1158 931 1220 995 ἐλι-

61 1021 144 1090 νύειν
168 1025 207 1088 οί
219 1020 352 1102 Ἴωνες
376 1020 600 1108 ὀνομάζουσιν
624 1031 752 1091 XVIIIB
776 1053 803 1112 p.
818 1027 898 1116 404)
926 1041 956 1093 et
979 1032 1140 1112 Gregorius
1165 1033 1218 1093 Co·

61 1127 178 1188 rintirius
201 1117 236 1210 (ὁ
264 1116 439 1206 ἡσυχάζων
463 1121 628 1190 ε’λιννύωυ
657 1129 733 1190 scit:
757 1125 883 1210 λέγεται
907 1123 996 1213 παρά
1019 1138 1088 1204 τοῖς
1104 1123 1220 1192 ’Ίωσιυ

60 1244 83 1302 p.
98 1218 188 1308 502),
213 1224 292 1303 quod
316 1224 373 1285 hoc
398 1225 525 1286 uerbum
543 1225 746 1289 lierodotcum
765 1231 977 1309 poeticumque
998 1232 1029 1290 in
1048 1247 1136 1304 prusa
1156 1249 1219 1290 ora·

61 1325 131 1383 tione
142 1324 235 1384 Attica
246 1324 330 1402 prius
346 1341 405 1383 non
420 1322 538 1406 iegitur,
549 1344 637 1404 quarn
648 1325 725 1405 apud
737 1325 909 1406 Dionysium
919 1325 1219 1388 Halicarnassensenr.

139 1421 307 1482 Concinunt
329 1431 433 1483 contra
457 1422 549 1483 libelii
571 1425 602 1484 in
626 1422 788 1485 uerborum
813 1426 1036 1504 compositione.
1077 1431 1165 1503 atquc
1190 1425 1219 1485 id

59 1519 167 1597 quidem
192 1518 268 1580 libro
293 1511 367 1598 περὶ
391 1514 507 1600 τέχνης
530 1523 699 1603 proprium,
723 1522 802 1600 quod
827 1521 912 1582 ualde
932 1524 961 1583 in
983 1521 1097 1584 deliciis
1116 1509 1220 1585 habuit

58 1626 152 1678 auctor
170 1618 352 1679 infinitiuunr
371 1619 495 1679 articulo
511 1620 646 1680 iunctum
664 1652 701 1662 —
719 1614 763 1703 (p.
778 1617 798 1681 2
818 1611 854 1698 τὸ
874 1611 933 1692 τάς
951 1613 1068 1700 τέχνας
1087 1613 1225 1703 αἰσχρο-’

57 1710 170 1796 εκέειν,
193 1707 230 1776 τὸ
254 1709 315 1796 μέν
339 1735 371 1776 τι
393 1714 461 1778 τεόν
484 1709 539 1797 μῆΔ
553 1708 746 1800 εὑρημένων
770 1713 986 1801 ἐξευρίσκειν,
1014 1709 1052 1779 τὸ
1076 1709 1116 1778 τά
1144 1709 1218 1799 ῆμί-

57 1834 127 1892 ερχα
154 1810 185 1887 ές
207 1809 300 1887 τέλος
328 1807 576 1896 έξεβχάζεσθαι,
604 1807 641 1876 τὸ
751 1808 924 1896 αἰσχύνειν
952 1810 1217 1897 προθυμέεσθαι,

57 1904 88 1972 τὸ
185 1903 379 1990 διαβάλλειν
404 1901 424 1992 ῆ
449 1906 654 1992 μωμέεσθαιι
677 1911 741 1993 p.4
763 1905 801 1975 τὸ
825 1905 867 1994 δῆ
892 1905 1029 1994 πάμπαν
1053 1904 1218 1976 ἀπαλλάσ-

55 2023 120 2071 σειν
145 2007 212 2072 cciv
241 2002 430 2071 νοσεόντων
459 2002 538 2084 τοὺς
565 2003 734 2091 καμάτους
760 2005 815 2073 καὶ
843 2009 911 2073 τῶν
934 2005 1135 2092 νοσημάτων
1159 2005 1218 2086 τάς

56 2101 275 2190 σφοδρότητας
303 2099 488 2189 ἀμβλύνειν
521 2102 576 2169 καὶ
604 2101 642 2171 τὸ
670 2101 715 2190 μῆ
744 2104 920 2193 ε’χχειρέειν
948 2116 1035 2172 τοῖσι
1062 2130 1218 2193 κεκρατη-

54 2202 195 2286 μένοισιν
223 2197 287 2268 ὑπὸ
316 2203 384 2267 τῶν
412 2199 628 2287 νοσημάτωνε
659 2205 727 2286 p.8
759 2206 804 2294 τῷ
828 2199 1026 2288 ὠφελῆσθαι
1050 2201 1139 2290 (bis),
1171 2208 1216 2295 τῷ

55 2303 226 2384 βλαβῆναι,
244 2301 289 2390 τῷ
313 2297 521 2384 βεβλάφθαι,
549 2297 586 2366 τὸ
612 2295 713 2384 εἶναι,
741 2303 786 2390 τῷ
812 2298 925 2386 ὀρθῶς
947 2305 1216 2389 προσενεχθῆναι
1290 2339 1293 2348 Α

54 2396 135 2484 (bis):
157 2422 184 2482 p.
203 2399 242 2463 16
266 2399 311 2486 τῷ
335 2399 476 2476 ψαύσαιε
500 2422 527 2482 p.
545 2400 585 2464 18
610 2394 646 2463 τὸ
672 2401 875 2483 σκεφθῆναι;
898 2423 926 2482 p.
943 2401 985 2465 20
1003 2403 1049 2488 τῷ
1069 2396 1113 2485 μῆ
1132 2401 1215 2486 ταχύ

54 2491 212 2580 ὀφθῆναι,
236 2490 273 2560 τὸ
298 2492 422 2560 εἰδέναι
446 2496 513 2561 τάν
536 2491 672 2560 νούσων
695 2492 735 2560 τά
759 2502 849 2560 αἰτια
872 2495 928 2562 καὶ
951 2493 988 2562 τὸ
1013 2495 1215 2582 θεραπεύειν

53 2588 147 2672 αύτάς
169 2592 383 2676 ἐπίστασθαι,
406 2588 443 2657 τὸ
465 2588 633 2677 ὀφθῆναι,
651 2589 689 2658 τὸ
710 2595 865 2678 ἰαθῆναι,
885 2591 922 2659 τὸ
941 2594 1092 2681 βραδέως
1111 2591 1215 2662 αύτδν

54 2691 99 2757 ἐπὶ
120 2690 178 2760 τὸν
207 2687 462 2777 θεραπεύσοντα
491 2691 617 2757 έλθείνε
649 2715 678 2774 p.
698 2693 741 2758 22
763 2693 824 2758 τού
923 2687 1091 2777 άφθῆναι;
1123 2717 1151 2778 p.
1171 2697 1215 2762 24

54 2788 85 2856 τὸ
104 2788 268 2878 ὀφθῆναιι
291 2813 318 2874 p.
334 2791 377 2855 26
395 2785 433 2855 τὸ
452 2787 575 2877 λέγειν)
599 2825 648 2875 -,
667 2794 805 2873 Gorgiam
825 2814 897 2856 uero
917 2798 1100 2874 magistrum
1115 2797 1215 2875 prodit
1287 2797 1290 2802 '

53 2896 178 2972 uterquc.
194 2891 421 2953 antitheseos
432 2890 565 2970 exempla
576 2910 592 2951 e
602 2890 680 2971 Lege
691 2892 846 2972 destrmpta
861 2894 962 2972 accipe
978 2893 1063 2956 hacc:
1083 2886 1213 2976 ἰητρικὴ

52 2987 184 3072 τεχνέων
215 2983 277 3071 μὲν
308 2983 442 3050 πασέων
475 2982 565 3050 ἐστὶν
593 2982 852 3070 ἐπιφανεστάτη,
877 2985 881 3074 Ι
907 2982 962 3058 διά
993 2983 1030 3052 δὲ
1061 2983 1213 3072 ἀμαθίην

50 3087 110 3150 των
137 3082 326 3172 χρεομένων
354 3078 438 3169 αύτῆ
547 3080 634 3148 πολύ
661 3108 693 3149 τι
722 3083 855 3150 πασέων
882 3081 947 3169 ῆδη
976 3085 1043 3150 τῶν
1071 3085 1213 3170 τεχνέων

50 3177 254 3249 ἀπολείπεται
281 3185 318 3246 IV
345 3205 373 3266 p.
394 3182 458 3247 638
477 3185 514 3266 L3
547 3177 591 3265 μῆ
620 3178 708 3273 λόγφ
733 3184 878 3267 μοῦνον,
904 3181 907 3269 λ
933 3177 1017 3248 ἀλλά
1044 3180 1099 3247 καὶ
1127 3186 1212 3273 έρχφ

50 3279 177 3366 ἰητρούς
199 3283 396 3365 νομίζεσθαι
423 3303 451 3363 p.
471 3281 548 3365 6403
576 3275 613 3346 τὸ
640 3277 702 3365 μὲν
726 3279 924 3345 ἐπίστασθαι
947 3277 1064 3364 ποιέει,
1090 3278 1093 3367 i
1118 3276 1155 3346 τὸ
1176 3278 1213 3346 δέ

49 3371 193 3460 ἀγνοείν;
228 3380 368 3464 ἱεροῖσιν
401 3372 613 3462 ἀνθριύποισι
646 3378 832 3460 δείκνυται,
862 3374 866 3464 λ
897 3373 1081 3461 βεβῆλοισι·
1101 3374 1138 3444 δέ
1171 3373 1213 3442 ού

49 3475 140 3560 θέμις
153 3502 181 3562 p.
197 3478 276 3542 642:
301 3471 517 3541 ἀντίθετον
536 3478 625 3541 simul
644 3486 732 3558 atquc
756 3472 928 3560 πάρισον
951 3479 1059 3558 legitur
1083 3499 1110 3558 p.
1135 3477 1212 3542 638:

49 3570 135 3660 φῆμη
160 3571 221 3659 μὲν
244 3577 375 3659 πολλοί,
401 3573 405 3659 l
431 3576 516 3662 έρχφ
546 3570 583 3638 δὲ
606 3569 715 3657 πάγχυ
738 3576 845 3657 βαιοί;
872 3596 900 3656 p.
920 3574 998 3639 640:
1027 3567 1212 3657 cocinaria

48 3667 81 3733 ἐν
102 3674 140 3758 τῆ
164 3673 206 3758 γῆ
231 3670 410 3756 φυομένων
433 3673 576 3756 θεωρίη,
602 3668 744 3755 Ιτοιῆδε
771 3669 826 3736 καὶ
854 3673 912 3754 τῆς
939 3671 1087 3755 ἰητρικῆς
1109 3666 1129 3755 ῆ
1155 3669 1212 3756 μά-

47 3771 154 3851 θησιςε
178 3772 297 3833 additur
311 3775 559 3852 paronomasia
574 3793 601 3852 p.
624 3769 702 3834 638:
717 3766 840 3853 φύσιος
853 3766 918 3854 γάρ
933 3761 1212 3853 άντιπρησσού-

47 3880 110 3947 σης
132 3862 229 3932 κενεά
252 3865 400 3946 πάνταῇΙ
421 3863 542 3950 φύσιος
566 3863 602 3931 δέ
626 3865 658 3945 ές
676 3851 713 3932 τό
733 3861 871 3952 άριστον
895 3861 1140 3952 ὁδηχεούσης
1163 3869 1211 3932 δι-

50 3960 206 4048 δασκαλίη
221 3961 337 4047 τέχνης
349 3963 491 4046 χίνεται;
501 3985 529 4047 p.
538 3964 603 4029 640
617 3987 674 4048 sq.:
689 3959 861 4048 εὐθυμίης
873 3988 908 4030 τε
922 3961 977 4028 καί
992 3958 1212 4049 εὐφροσύνης

44 4053 191 4146 ἀμοιρος·
213 4065 217 4141 Ι
238 4063 362 4146 δειλίης
385 4084 419 4125 τε
442 4058 497 4126 καὶ
520 4058 730 4146 θρασύτητος
752 4059 884 4145 τιθήνη.
930 4061 1035 4144 δειλίη
1059 4057 1120 4145 μὲν
1145 4057 1209 4148 γάρ

44 4152 257 4243 ἀδυναμίην
281 4161 447 4243 σημαίνει·
469 4159 473 4243 Ι
493 4156 665 4244 θρασύτης
689 4155 727 4224 δέ
749 4153 946 4242 ἀτεχνίην.

130 4260 209 4331 Quas
232 4261 341 4340 figuras
365 4262 454 4321 etiam
477 4262 509 4321 in
532 4260 632 4322 altero¹
654 4260 730 4322 libro
758 4263 868 4342 passim
892 4279 1053 4322 occurrere
1078 4259 1208 4340 intellige

42 4360 189 4437 congestis
211 4359 259 4420 his
281 4357 368 4420 locis:
