2994 4898
723 233 937 298 ..52-

244 389 410 477 τοσαύτην
434 392 590 478 άκριβέην
613 388 711 479 ἥκει),
735 399 844 476 quippe
868 415 927 475 quo
951 395 1015 457 loco
1040 399 1121 456 uaria
1146 404 1319 476 spectentur
1339 413 1421 454 ntor·

243 495 351 557 borum
374 514 492 577 genera,
515 514 574 556 non
598 495 693 556 solum
713 513 865 575 sensuum,
889 495 940 554 sed
960 499 1066 565 mentis
1081 497 1167 556 etiam
1183 495 1293 556 iudicio
1309 511 1420 571 eogno—
1484 499 1485 550 f

246 594 362 655 scenda.
392 593 479 654 simili
504 595 618 662 ratione
642 593 773 654 Pericles
797 592 1005 672 Thucydideus
1028 586 1087 654 τὸν
1111 584 1216 655 αὐτὸν
1235 584 1345 672 άνδρα
1366 583 1422 650 ἐπὶ
1484 635 1485 654 ι

245 682 369 752 πλεῖστ’
396 681 440 752 άν
465 689 549 772 ελδη
573 685 628 751 καλ
652 682 732 772 μετὰ
756 678 900 773 χαρίτων
924 682 1054 770 μάλιστ’
1081 680 1125 752 dv
1149 681 1356 773 εύτραπέλως
1380 680 1420 772 τὸ
1484 689 1485 758 ἓ

245 786 339 870 σῶμα
372 781 534 870 αύταρκες
564 783 767 870 παρέχεσθαι
795 790 826 848 in
855 787 1078 849 Atheniensium
1114 791 1235 850 ciuitate
1267 786 1423 866 praedicat

245 882 340 968 (1141
359 883 521 969 cruitur)
544 889 624 948 uitae
646 885 764 946 uiuidae
784 885 886 946 dicens
906 885 1103 966 condiciones,
1127 889 1213 948 cuius
1232 903 1305 947 usus
1324 903 1421 946 unum

244 993 338 1046 restat
362 994 394 1046 ut
418 1003 581 1046 memorem
605 983 781 1064 exemplum,
806 984 884 1062 quod
908 983 921 1042 l
944 1002 972 1063 p.
996 980 1099 1046 5861.
1125 993 1224 1046 extare
1248 983 1373 1044 uidebis.
1484 975 1485 1048 l

334 1082 446 1153 Quodsi
475 1085 572 1144 uarias
599 1083 652 1143 has
682 1083 911 1161 significationes
939 1081 1117 1165 perlustras,
1144 1084 1223 1145 nulla
1252 1081 1321 1142 libri
1344 1074 1421 1161 περὶ
1484 1101 1485 1158 ι

246 1175 362 1261 τέχνης
386 1180 467 1240 locos
491 1181 623 1261 expediri
647 1198 734 1259 posse
758 1178 907 1258 intelligis.
941 1198 1016 1258 quos
1040 1187 1073 1241 ut
1097 1181 1286 1260 explicemus,
1310 1179 1422 1258 Gratyli

247 1277 314 1338 talia
338 1279 485 1339 afferenda
510 1288 596 1342 sunt:
620 1271 728 1392 ὄνομα
752 1268 817 1358 ἄρα
841 1270 1079 1338 διδασκαλικόν
1102 1277 1136 1339 τί
1157 1274 1246 1340 ἐστιν
1271 1269 1421 1355 ὄργανον

245 1369 301 1436 καὶ
325 1363 532 1457 διακριτικὸν
555 1374 623 1457 τῆς
646 1367 786 1448 οὐσίας
805 1368 890 1456 (388
898 1367 990 1458 B);‘
973 1398 994 1455 η
1014 1368 1131 1438 ούσία
1149 1374 1210 1438 τοῦ
1228 1368 1422 1459 πράγματος

247 1469 437 1555 δηλουμένη
463 1469 499 1535 έν
522 1471 567 1560 τῷ
593 1464 749 1555 ὀνόματι
747 1467 836 1555 (393
851 1470 904 1556 u),
936 1472 1004 1537 τῶν
1029 1465 1205 1554 ὀνομάτων
1229 1463 1249 1553 ἡ
1274 1464 1423 1586 ὀρθότης

245 1566 383 1652 τοιαύτη
417 1592 523 1644 τις.
538 1568 629 1633 ,οἵα
662 1568 789 1650 δηλοῦν
822 1557 896 1631 οἷον
929 1563 1068 1632 ἕκαστόν
1101 1565 1170 1631 ἐστι
1196 1567 1264 1632 τῶν
1293 1590 1423 1631 οντων

246 1665 325 1750 (422
341 1663 379 1752 u)
398 1668 576 1749 quibuscum
601 1669 676 1730 bene
701 1669 847 1749 quadrant
870 1671 999 1730 auctoris
1024 1671 1119 1730 nostri
1142 1689 1234 1748 οιμαι
1258 1658 1334 1728 δ
1316 1688 1422 1748 εγωγε

245 1762 301 1828 καὶ
328 1760 368 1829 τὰ
402 1759 549 1848 ὀνόματα
578 1759 681 1840 αύτάς
709 1758 765 1827 διά
794 1763 840 1827 τά
870 1764 975 1828 εἴδεα
1003 1766 1131 1846 folieto:
1164 1765 1355 1826 monstranda
1388 1784 1423 1824 ea

248 1885 323 1945 quae
357 1868 436 1927 inter
469 1865 560 1926 uerlra
594 1865 727 1926 eiusdem
761 1855 886 1948 άλογον
913 1857 977 1946 γάρ
1002 1855 1066 1926 άπὸ
1089 1862 1158 1926 τῶν
1182 1855 1358 1944 ὀνομάτων
1381 1854 1423 1922 τὰ

248 1960 354 2024 εἴδεα
383 1954 539 2042 ἡγεῖσθαι
566 1955 766 2042 βλαστάνειν
793 1955 849 2022 καὶ
877 1952 1048 2032 άδύνατον
1082 1971 1112 2022 et
1140 1961 1271 2021 Socratis
1304 1969 1422 2021 senten·
1484 1961 1485 2000 ³

249 2063 318 2121 tiam
343 2060 503 2121 intercedit
527 2063 672 2174 cognatio,
696 2051 888 2140 Cratylum,
879 2081 916 2132 ος
938 2048 982 2120 clv
1004 2051 1044 2120 τά
1070 2050 1217 2139 ὀνόματα
1241 2053 1422 2137 ἐπίστηται,
1484 2057 1485 2118 J

188 2197 189 2200 =
248 2150 568 2219 έπίστασθαικαλ
533 2178 573 2219 τα
592 2151 798 2239 πράγματα
818 2157 1066 2237 defendentemp.
1082 2153 1191 2238 435n,
1210 2156 1420 2236 impugnantis,

248 2275 323 2336 quiae
343 2259 395 2335 qui
413 2258 672 2336 perpensitauerit,
691 2275 723 2316 re
744 2273 814 2316 nera
831 2247 975 2316 ούσίαν
991 2255 1093 2316 ualere
1109 2247 1197 2329 εἶδος
1211 2257 1241 2315 in
1257 2255 1333 2315 libro
1348 2248 1425 2336 περὶ

246 2349 377 2435 τέχνης,
402 2350 614 2433 significatione
639 2373 654 2414 a
678 2353 808 2414 Platonis
832 2353 1015 2433 philosophia
1040 2355 1186 2435 profecta,
1210 2352 1369 2427 concedet,
1389 2352 1423 2411 id
1484 2341 1485 2416 l

249 2451 327 2530 ηιιοι]
352 2453 462 2513 ceteris
486 2451 688 2512 oratiunculae
713 2451 786 2512 loeis
806 2452 1006 2513 confirmatur.
1035 2453 1071 2512 cf.
1091 2443 1424 2531 pennipotentum

249 2544 471 2629 δεδειγμένων
503 2547 612 2610 εἴδεα
639 2547 706 2610 τῶν
734 2544 877 2630 τεχνέων
904 2543 959 2610 καὶ
988 2539 1128 2630 οὐδεμία
1156 2541 1296 2611 έστλν”
1274 2570 1294 2629 η
1323 2569 1360 2628 γε
1390 2547 1425 2608 έκ

248 2666 340 2720 τινος
363 2667 379 2708 ε
385 2645 495 2720 ἱδεος
518 2637 580 2728 ούχ
604 2638 720 2727 ὁρᾶται
746 2643 787 2728 (p.
806 2642 857 2731 4),
880 2669 917 2710 το
905 2639 1063 2727 μὲν
1020 2668 1100 2761 γαρ
1114 2645 1171 2727 τῆς
1189 2640 1290 2728 τύχης
1314 2637 1485 2718 εἶδος
1480 2681 1485 2766 t

250 2738 353 2821 φιλδν
382 2741 443 2809 ούκ
471 2738 707 2825 ἐβουλήθησαν
731 2737 923 2825 θεήσασθαι
946 2730 1034 2806 έν
1007 2767 1032 2830 φ
1056 2741 1217 2828 τῇτέχνῃ
1242 2738 1426 2826 ἐπέτρεψαν

252 2859 340 2953 σφας
364 2835 490 2917 αύτούς
514 2839 557 2926 (p.
578 2837 626 2926 6);
651 2839 686 2904 έν
709 2849 796 2904 τοῖσι
819 2835 1001 2905 πλειστοισι
1024 2841 1092 2906 τῶν
1115 2862 1150 2904 τε
1169 2837 1352 2923 φυομένων
1371 2837 1426 2902 καὶ
1484 2821 1485 2890 ἶ

249 2962 318 3004 των
340 2938 550 3022 ποιευμένων
574 2939 680 3002 ἔνεστι
699 2932 738 3002 τά
759 2943 791 3002 ελ
781 2938 819 3002 δ
824 2961 864 3001 εα
884 2961 950 3010 των
969 2925 1159 3021 θεραπειωυ
1177 2935 1320 3002 καὶτῶν
1340 2961 1426 3048 φαρ-

250 3033 523 3122 polumv(p210),
553 3039 635 3099 unde
665 3041 821 3118 perspicua
850 3056 924 3116 quae
953 3038 1050 3117 paullo
1079 3047 1147 3100 ante
1176 3039 1329 3117 leguntur:
1360 3035 1426 3099 νῦν

251 3130 287 3199 δε
312 3131 353 3217 δη
378 3067 557 3249 φαίνούται
580 3135 648 3198 τῶν
673 3135 797 3218 ίητρων
821 3133 856 3198 of
877 3129 1060 3218 μάλιστα’
1043 3130 1272 3217 επαινεόμενοι
1295 3131 1352 3198 και
1378 3134 1424 3197 δι-

250 3227 430 3315 αιτήμασιν
455 3226 591 3314 λούμενοι
615 3227 670 3294 καὶ
694 3226 829 3295 άλλοισί
849 3255 886 3314 γε
909 3233 1068 3297 εἴδεσιν.

339 3330 442 3410 Αιιιρλο
462 3330 623 3392 uerborum
639 3330 750 3390 ambitu
766 3333 796 3391 in
812 3334 854 3392 eis
870 3350 944 3411 quae
961 3341 1103 3394 secuntur
1123 3352 1171 3393 res
1191 3335 1306 3412 geritur
1322 3331 1427 3393 contla
1484 3355 1485 3392 t

251 3450 317 3510 eos,
351 3434 407 3490 arti
440 3428 514 3490 nihil
547 3431 642 3489 omnia
677 3429 811 3490 fortunae
845 3432 896 3508 qui
930 3430 1061 3491 trilmant
1095 3423 1167 3514 (καί
1192 3443 1296 3509 φασιν
1326 3427 1362 3491 oc‘
1387 3423 1428 3490 τά
1484 3419 1485 3462 ³

251 3528 349 3611 χείρω
383 3523 535 3606 λέγοντες
569 3517 624 3586 διά
653 3517 732 3599 τοὺς
759 3517 998 3608 ἁλισκομένους
1026 3519 1091 3590 ὑπὸ
1120 3526 1187 3590 τῶν
1216 3520 1428 3608 νοσημάτων,

1393 3619 1401 3642 ι

251 3618 331 3698 τοὺς
364 3617 619 3706 ἀποφεύγοντας
652 3615 735 3690 αὐτά
769 3619 863 3707 τύχη
895 3619 1100 3706 ἀποφεύγειν
1133 3619 1188 3686 καὶ
1218 3616 1259 3686 ού
1284 3617 1341 3686 διὰ
1365 3647 1435 3706 την·
1484 3649 1485 3688 t

252 3720 371 3804 τέχνην
395 3745 422 3804 p.
438 3721 482 3804 6).
511 3716 592 3805 τύχη
618 3725 688 3804 quid
713 3723 826 3784 ualeret
851 3733 880 3785 et
902 3717 939 3786 τὸ
964 3715 1155 3804 αὐτόματον
1179 3725 1282 3804 quaeri
1305 3723 1429 3785 solitum

252 3821 394 3882 discimus
418 3821 455 3881 ab
478 3822 649 3903 Aristotele,
677 3825 741 3902 ipse
765 3821 802 3882 de
827 3824 869 3881 eis
894 3841 968 3901 quae
992 3825 1100 3884 sentiat
1123 3824 1296 3902 priusquam
1321 3841 1428 3902 expro-
1484 3877 1485 3910 ,

253 3928 321 3999 mat,
345 3919 437 3980 ubere
462 3921 540 3980 sicut
559 3920 634 3980 solet
652 3922 786 4000 priorum
807 3919 912 3998 placita
932 3920 1080 3982 referente
1100 3920 1237 4000 Phys,
1201 3918 1227 3978 ll
1241 3916 1273 3980 ,4
1289 3938 1316 3998 p.
1335 3917 1429 3981 1951)
1484 3913 1485 4010 l

253 4014 306 4078 31.
354 4035 411 4096 quo
436 4017 501 4077 loco
525 4018 582 4079 tria
606 4017 823 4100 dignoscuntur
846 4021 1061 4079 sententiarum
1085 4035 1208 4096 genera:
1238 4035 1332 4078 unum
1356 4035 1429 4078 casn

253 4116 323 4194 quid
348 4117 413 4176 lieri
438 4117 557 4175 omnino
582 4118 767 4195 negantium,
791 4112 820 4175 id
846 4114 954 4194 quibus
979 4116 1077 4176 faueat
1100 4120 1323 4196 argumentum,
1348 4103 1485 4194 quod

254 4233 289 4274 ne
314 4214 404 4292 prisci
428 4213 548 4291 quidem
573 4215 721 4293 sapientes
746 4215 881 4274 fortunae
906 4215 967 4328 uitp
986 4216 1145 4295 agnouisse
1165 4213 1323 4274 uideantur
1344 4207 1429 4296 (ἐπεὶ

253 4313 286 4372 ef
253 4306 344 4392 εγέ
365 4332 396 4372 τι
419 4332 462 4391 ην
485 4333 506 4391 η
525 4331 619 4392 τυχη,
643 4304 763 4410 (φασὶν
765 4301 824 4394 )’'
802 4329 928 4373 ατοπον
946 4299 989 4372 do
1008 4301 1172 4392 povstp‘
1150 4333 1195 4384 ως
1213 4303 1349 4391 άληθως
1373 4306 1429 4372 καλ
