2994 4898
710 241 980 310 --12-·Μ

239 402 443 482 Apolloniatae
476 403 603 482 denique
642 404 678 464 de
711 421 855 464 uenarum
880 403 1072 482 dispositione
1106 403 1304 480 fragmentum
1338 404 1411 461 satis

236 501 365 580 amplum
380 505 508 581 posteris
522 502 686 582 prodiderit
700 500 874 562 Aristoteles
890 499 1037 562 Historiae
1053 500 1223 560 animalium
1237 500 1302 560 loco
1317 519 1411 579 supra

237 617 326 678 quem
342 595 617 682 commemorauil);
642 603 720 660 sicut
738 617 828 679 porro
849 599 971 659 eandem
986 598 1203 679 posterioribus
1218 599 1344 659 saeculis
1359 617 1411 658 ne-

236 697 449 758 cessitudinem
468 698 682 778 philosophiam
701 700 780 759 inter
801 706 831 757 ct
849 697 1024 758 medicinam
1044 699 1251 758 intercessisse
1270 706 1411 777 appareat

236 794 366 855 Platonis
390 789 588 878 Aristotelis2)
612 789 842 877 Theophrasti³)
867 795 968 856 Galeni
997 796 1138 876 exemplis
1171 829 1208 838 -
1239 797 1279 855 ita
1311 813 1410 874 neque

238 891 463 973 Hippocraticae
502 894 629 972 syllegae
662 896 928 974 peruestigatorem
962 895 1053 956 latere
1082 893 1257 974 placitorum
1282 893 1410 974 philoso-

235 991 392 1070 phicorum
416 994 549 1070 uestigia.

325 1089 407 1166 Quae
432 1107 499 1150 cum
532 1091 572 1150 ita
600 1098 709 1170 essent,
737 1091 866 1164 luerunt,
892 1091 927 1150 ad
956 1093 1123 1172 priscorum
1147 1092 1321 1164 memoriam
1345 1109 1406 1150 uno

238 1195 401 1267 corispectu
432 1188 599 1267 ponendam
633 1191 684 1267 qui
717 1207 748 1248 se
780 1190 976 1267 accingerent.
1023 1189 1119 1250 obiter
1142 1208 1205 1250 rem
1230 1191 1414 1249 strinxerant

236 1288 417 1364 superiores,
443 1287 511 1364 quia
535 1286 732 1364 plurimorum
751 1286 996 1367 philosophorum
1015 1288 1157 1367 reliquiae
1178 1287 1318 1349 collectae
1337 1305 1411 1346 non-

239 1384 310 1443 dum
334 1382 472 1444 extabant
491 1403 587 1462 neque
606 1386 637 1444 in
657 1385 792 1445 ordinem
812 1385 950 1464 digestae.
975 1403 1072 1464 neque
1096 1404 1169 1446 uero
1189 1405 1214 1446 e,
1234 1404 1276 1464 gr.
1301 1385 1412 1464 Spren·

237 1482 331 1560 gelius
360 1483 391 1541 in
415 1480 603 1561 Hippocratis
626 1482 767 1562 Apologia
796 1501 892 1562 neque
916 1483 1055 1564 Limatus,
1084 1483 1121 1543 de
1151 1484 1248 1555 uariis·
1265 1481 1412 1542 librorum

236 1579 514 1659 Hippocraticorum
542 1580 685 1641 doctrinis
714 1583 765 1660 qui
794 1581 936 1641 disseruit
967 1584 999 1640 in
1022 1581 1187 1641 academiae
1211 1579 1413 1641 berolinensis

237 1679 310 1737 actis
330 1697 396 1740 ann.
421 1675 604 1758 raro-15,
630 1678 807 1740 breuissime
827 1679 946 1758 quidem
971 1679 1022 1739 sed
1046 1681 1191 1760 gnauiter,
1213 1698 1338 1758 prorsus
1363 1661 1412 1739 de-

238 1785 318 1836 creta
352 1776 473 1855 physica
506 1777 710 1854 neglexerunt.
755 1777 895 1838 uberiora
927 1780 1042 1838 inuenit
1065 1773 1413 1856 PeterscnuS„‘Hippo-

237 1876 327 1934 cratis
356 1876 475 1934 nomine
505 1893 580 1953 quae
609 1877 862 1937 circumferuntur
891 1877 1001 1954 scripta
1030 1876 1064 1935 ad
1091 1883 1257 1955 temporum
1281 1877 1414 1935 rationes

234 1967 391 2052 disposita'
425 1974 477 2050 qui
509 1970 644 2034 exhibuit
674 1975 705 2033 in
738 1983 956 2052 programmate
989 1972 1208 2052 Hamburgensi
1240 1967 1278 2052 (a.
1311 1969 1413 2054 1839)

237 2071 407 2130 doctissime
432 2072 542 2149 scripto
568 2080 597 2130 et
620 2065 819 2153 ingeniose.4)
855 2081 923 2150 post
946 2070 1151 2152 Petersenum‚
1174 2071 1361 2132 RHirzcliunr
1388 2075 1414 2131 si

238 2170 376 2248 excipias,
396 2187 431 2228 ex
451 2167 585 2246 epistulis
605 2168 793 2248 Hippocratis
813 2179 842 2230 et
861 2169 1022 2229 Democriti
1041 2169 1315 2250 pseudepigrapha,
1335 2186 1412 2247 quae

238 2285 296 2345 quo
316 2274 450 2346 tempore
465 2267 607 2326 confictae
627 2275 728 2328 essent
747 2267 904 2328 nomadum
916 2269 996 2328 satis
1015 2271 1132 2328 curiose
1153 2269 1309 2348 quaesiuit,
1328 2285 1414 2346 prae-

237 2371 327 2424 eunte
360 2373 409 2425 ten
442 2363 563 2424 Brinlrio
596 2358 713 2448 (Philol.
737 2365 801 2424 Vlll
824 2384 851 2444 p.
874 2362 941 2426 416
956 2359 1034 2447 sqq.)
1060 2365 1245 2426 Democritea
1281 2367 1413 2445 expisca-

238 2465 356 2524 lumin
381 2463 507 2544 Hermae
531 2464 590 2523 uol.
615 2461 679 2522 XIV
702 2483 730 2542 p.
755 2459 819 2526 358
835 2481 915 2544 sqq,
948 2481 1026 2524 unus
1055 2464 1117 2523 fere
1140 2457 1229 2543 περὶ
1258 2459 1415 2544 διαίτης

310 2661 767 2732 1)HAH[,2p.511b30sq.

308 2746 335 2812 2)
366 2742 398 2796 In
437 2742 514 2796 calce
553 2759 647 2796 earum
686 2741 954 2796 commentationum
996 2757 1067 2810 quae
1106 2739 1294 2794 inscribuntur
1321 2741 1415 2816 Barna

237 2821 385 2878 Naturalia
414 2822 485 2876 haec
513 2821 625 2892 scripsit
652 2823 817 2877 Aristoteles
843 2824 880 2890 (p.
900 2820 978 2876 480b
1002 2827 1036 2875 22
1056 2821 1123 2890 Bk):
1159 2820 1224 2886 περὶ
1247 2818 1279 2874 δὲ
1304 2815 1415 2888 ὑγιείας

237 2903 286 2956 παλ
313 2899 398 2957 νόσου
422 2897 456 2957 οῦ
480 2897 568 2973 μόνον
593 2899 668 2957 ἐστὶν
693 2900 790 2972 ἰατροῦ
814 2897 884 2956 ἀλλὰ
908 2901 957 2956 πολ
980 2901 1030 2956 τοῦ
1051 2901 1174 2970 φυσικοῦ
1194 2898 1274 2970 μέχρι
1292 2920 1342 2954 του
1362 2897 1414 2964 τῶς

187 2975 189 2982 ’
237 2981 329 3044 αἰτίας
355 2980 452 3036 εἰπεῖν.
479 2981 535 3036 τῶν
558 3001 588 3036 τε
612 2977 666 3052 γὰρ
690 2979 793 3050 ἰατρῶν
817 2975 879 3036 ὅσοι
902 2982 1007 3052 κομψοὶ
1031 2977 1049 3050 ἢ
1073 2983 1218 3050 περίεργοι
1240 2979 1351 3048 λέγουσι
1378 2978 1413 3036 τῶ

237 3061 301 3133 περὶ
326 3059 438 3131 φύσεως
462 3061 510 3116 πολ
533 3057 585 3124 πῶς
607 3056 697 3131 ἀργῶς
722 3057 837 3117 ἐκεῖθεν
860 3057 972 3128 ἀξιοῦσι
993 3057 1158 3132 λαμβάνειν,
1196 3059 1245 3114 καὶ
1269 3061 1325 3114 τῶν
1348 3063 1415 3130 περὶ

240 3139 354 3212 φύσεως
381 3139 659 3212 πραγματευθέντων
696 3139 726 3197 οἱ
751 3139 927 3212 χαριέστατοι
959 3136 1060 3211 σχεδὸν
1093 3141 1258 3196 τελευτῶσιν
1287 3139 1328 3204 εἰς
1363 3138 1417 3206 τὰς

238 3219 326 3293 ῶρχοὶς
345 3219 396 3284 πῶς
415 3219 550 3291 ἰατρικῶς.
810 3226 815 3236 “

310 3306 336 3373 3)
355 3301 559 3394 Εαοιοοιριιλαι
581 3303 611 3358 in
629 3303 763 3373 Diogenis
784 3302 920 3374 'catalogo
940 3319 1026 3372 opera
1045 3302 1253 3372 Theophrastea
1272 3303 1307 3358 ad
1326 3303 1415 3358 medi·

243 3385 334 3438 cinam
349 3385 507 3454 spectantra
521 3385 591 3440 haec
606 3401 629 3438 c.
644 3401 698 3454 gr:
714 3383 778 3450 περὶ
794 3380 962 3452 ἐπιλήψεως,
976 3385 1041 3451 περὶ
1052 3381 1164 3452 ἰλίγγων
1179 3382 1227 3435 καὶ
1241 3379 1416 3451 σκοτώσεων,

233 3465 303 3534 ’περὶ
324 3461 461 3534 ἱδρώτων,
480 3465 545 3534 περὶ
564 3461 674 3532 τόπων,
694 3465 759 3531 περὶ
777 3464 893 3534 λοιμῶν,
920 3463 985 3532 περὶ
1003 3465 1201 3533 λειποψυχίας,
1225 3462 1291 3530 περὶ
1314 3467 1416 3532 μελαγ-

238 3547 346 3614 χολίας,
370 3543 434 3612 περὶ
453 3544 557 3615 μέθης,
576 3544 641 3614 περὶ
659 3540 851 3614 παραλύσεως,
870 3544 934 3615 περὶ
953 3543 1085 3614 πνιγμοῦ,
1104 3543 1169 3612 περὶ
1183 3538 1415 3612 παραφροσύνης,

238 3627 302 3696 περὶ
321 3625 434 3682 παθῶν.

309 3709 337 3776 4)
357 3704 492 3771 Quartum
511 3708 738 3776 argumentorum
758 3722 846 3776 genus
860 3706 914 3761 hoe
928 3707 971 3759 est
985 3705 1134 3760 Peterseno
1153 3705 1191 3773 (p.
1203 3705 1243 3772 6):
1265 3701 1315 3758 ‘Ut
1329 3703 1415 3758 libro-

238 3804 299 3841 rum
317 3787 445 3855 inprimis
463 3787 652 3855 antiquiorum
671 3788 779 3842 aetates
799 3793 1008 3856 cognoscamus,
1028 3802 1091 3838 eum
1109 3801 1201 3838 rerum
1219 3787 1364 3854 gestarum
1385 3785 1413 3839 in

238 3867 273 3922 iis
292 3885 434 3936 nunquam
457 3868 562 3922 mentio
586 3868 647 3935 fiat,
671 3884 763 3936 neque
785 3867 875 3920 multo
894 3865 1067 3934 frequentior
1085 3865 1123 3919 sit
1141 3863 1306 3934 scriptorum
1326 3866 1414 3919 medi-

239 3964 334 4002 corum
360 3947 496 4003 memoria
518 3947 593 4018 apud
620 3964 711 4002 rerum
736 3947 897 4016 scriptores,
925 3945 1053 4016 inprimis
1077 3943 1239 4016 philosophi
1262 3947 1328 3999 sunt
1351 3963 1415 4000 con-

239 4028 361 4096 sulendi,
392 4045 510 4098 quorum
534 4027 675 4084 doctrinas
701 4029 730 4082 et
753 4028 860 4082 aetates
885 4027 1012 4097 cognitas
1034 4027 1178 4081 habemus.
1223 4017 1327 4079 etenim
1351 4043 1415 4079 cum

239 4109 442 4179 antiquissimis
465 4108 638 4178 temporibus
667 4110 778 4177 praeter
802 4105 948 4162 historicos
981 4105 1108 4176 inprimis
1137 4105 1299 4176 philosophi
1326 4105 1415 4160 libros

241 4189 394 4256 ediderint3
413 4207 464 4258 pro
484 4205 578 4244 eorum
598 4187 761 4244 celebritate
781 4187 810 4241 et
828 4185 995 4242 auctoritate
1014 4186 1074 4241 fieri
1093 4203 1148 4240 non
1167 4185 1273 4256 potuit,
1293 4185 1360 4254 quin
1381 4203 1415 4239 ex

234 4285 334 4324 eorum
354 4268 489 4324 doctrinis
512 4268 541 4323 in
569 4265 738 4324 medicinam
761 4270 822 4323 tum
845 4265 1041 4337 philosophiae
1060 4267 1119 4320 tam
1146 4265 1259 4320 affinem
1286 4267 1416 4322 nonnihil

240 4349 457 4406 transferretur’.
897 4373 898 4376 ¹
