2994 4898
642 251 840 313 „7-

152 421 237 474 acute
259 415 402 474 iudicauit
420 415 451 474 in
471 413 660 493 ephemeride
679 431 753 492 13333
773 413 947 473 inscribitur
966 409 1100 474 ‘Jorrrnal
1119 414 1171 474 des
1189 411 1322 475 Savants'

152 530 217 600 ann.
245 507 343 586 1851,
369 508 468 592 1852,
495 507 593 584 1853:
621 511 656 570 de
682 509 855 594 collectione
879 511 1075 590 llippocratea
1099 530 1173 591 quae
1198 514 1323 574 sentiret

152 609 323 690 complexus
348 617 393 670 est
417 612 447 670 in
470 609 560 672 libro:
593 605 734 670 ‘Histoire
759 609 811 669 des
835 611 969 670 sciences
993 606 1162 670 medicales’
1186 610 1321 672 Lutetiae

150 710 258 770 emisso
282 726 306 769 a.
333 701 468 790 1870(1
493 727 520 788 p.
544 700 721 789 89-144).

106 815 109 822 ⁴
239 806 369 868 Ratauus
388 805 495 868 Littrei
515 806 644 868 editione
663 805 794 866 nondum
818 803 951 866 absoluta
970 808 1055 866 iussu
1073 806 1239 866 academiae
1263 805 1321 867 dis-

150 904 629 984 3131133133]31331313133133313
657 921 766 965 nonam
789 921 893 983 parare
923 894 1065 983 instituit,
1095 922 1180 981 33331
1210 903 1321 982 publici

63 1053 66 1056 .
130 1005 222 1063 iuris
247 1005 316 1064 lecit
335 987 466 1064 Traiecti
489 1004 524 1064 ad
544 991 681 1063 Rhenum
705 1002 773 1062 inde
797 1000 833 1061 ab
856 1019 934 1060 anno
957 999 1155 1080 1839333113
1177 1001 1212 1060 ad
1236 999 1320 1062 18114

66 1143 70 1148 -
147 1101 309 1180 grandibus
333 1101 534 1162 uoluminibus
555 1099 659 1161 tribus.
697 1099 815 1160 codices
834 1117 909 1178 quos
932 1099 1100 1160 adhibuerit
1119 1097 1320 1159 Ermerinsins

146 1199 308 1260 Leidenses
337 1199 425 1279 (1333,
455 1198 630 1260 Vossianum
659 1205 688 1259 et
717 1197 951 1277 Scaligeranum,
984 1199 1107 1258 minoris
1135 1187 1201 1258 esse
1231 1200 1319 1276 pretii

147 1300 210 1376 ipse
242 1299 407 1358 confitetur.
459 1305 562 1358 contra
595 1296 674 1375 qnod
702 1296 883 1356 Marcianum
913 1292 978 1357 269
1007 1298 1122 1376 primus
1145 1295 1181 1356 ad
1205 1302 1317 1356 textum

146 1395 362 1457 emendandum
387 1398 508 1476 accinit,
533 1412 712 1474 magnopere
735 1393 899 1454 laudandus
923 1389 1008 1476 est.¹)

234 1494 368 1564 Quorum
393 1495 583 1555 triumuirum
607 1511 697 1571 opera
716 1493 874 1552 coniuncta
897 1511 975 1552 noua
995 1493 1111 1554 tandem
1136 1492 1186 1553 lux
1209 1495 1318 1556 31131311

144 1592 329 1652 collectionis
353 1601 471 1653 nostrae
496 1592 652 1673 historiae,
676 1592 711 1651 de
736 1609 794 1669 qua
817 1592 874 1650 iam
898 1591 966 1650 inde
991 1590 1027 1650 ab
1050 1591 1316 1653 Alexandrinorum

143 1689 327 1768 temporibus
356 1708 450 1769 usque
480 1689 515 1750 ad
540 1688 683 1749 Galenum
712 1690 846 1750 certiora.
870 1708 976 1750 eruere
1005 1689 1112 1749 medici
1141 1675 1317 1752 studuerant

138 1791 214 1848 vsatis
237 1788 331 1848 multi.
377 1796 448 1848 sunt
471 1789 550 1847 enim
573 1787 646 1847 haec
671 1789 795 1867 scripta,
827 1789 890 1846 siue
915 1793 1087 1865 argumenta
1112 1795 1227 1866 spectas
1251 1791 1315 1849 3133

142 1885 292 1946 scribendi
311 1904 428 1966 genera,
448 1892 507 1946 tam
526 1887 609 1945 uaria
628 1884 725 1945 indole
746 1892 776 1944 et
794 1885 900 1966 pretio,
923 1892 957 1944 ut
976 1885 1012 1944 ad
1031 1886 1220 1963 quaestiones
1240 1906 1314 1966 quae

119 1991 211 2066 'sunt
244 1982 280 2043 de
313 1985 427 2061 origine
460 1985 606 2060 cuiusque
639 1980 808 2042 enodandas
841 1980 984 2060 singulari
1016 1983 1131 2042 animus
1170 1983 1315 2045 alliciatur

141 2079 310 2159 cupiditate.
357 2080 493 2141 conteras
518 2097 627 2158 quaeso
653 2098 820 2141 sermonem
850 2079 1014 2158 simplicem
1038 2078 1177 2142 subtilem
1200 2085 1313 2162 perspi-

141 2199 239 2261 cuum,
263 2178 358 2258 qualis
381 2180 412 2238 in
436 2176 520 2238 libris
544 2177 674 2238 aduertit
693 2180 744 2256 qui
762 2178 969 2239 inscribuntur
998 2171 1074 2259 περὶ
1100 2169 1209 2259 ἀέρων
1232 2170 1313 2240 ὑδά-

138 2297 206 2338 των
229 2270 355 2356 τόπων,
383 2268 651 2357 προννωστικόν,
678 2269 754 2357 περὶ
784 2274 912 2356 διαίτης
935 2267 1054 2354 ὀξέων,
1081 2270 1157 2357 περὶ
1185 2263 1252 2337 τῶν
1276 2274 1313 2339 ἐν

138 2372 265 2456 κεφαλῇ
288 2366 488 2455 τρωμάτων,
518 2367 594 2454 περὶ
621 2364 754 2454 ἀγμῶν,
784 2366 860 2454 περὶ
883 2365 1039 2455 ἄρθρων,
1069 2393 1195 2435 331333
1224 2395 1311 2455 quiem

139 2473 389 2553 deprehendimus
408 2475 439 2534 in
459 2471 681 2551 scriptiunculis
700 2464 775 2552 περὶ
799 2466 925 2552 τέχνης,
949 2467 1174 2554 resplendetis,
1197 2466 1312 2554 νόμος,

138 2571 380 2654 repetitionibus,
408 2573 634 2652 contrapositis,
662 2570 950 2650 agnominationibus
974 2571 1173 2650 sophistarum
1197 2574 1311 2633 ratione

137 2671 249 2750 lncato;
271 2663 610 2751 331331333311οτερ1
628 2666 756 2751 τροφῆς
773 2668 914 2748 libellum,
935 2671 1074 2749 mysticae
1090 2669 1243 2730 cuiusdam
1259 2671 1309 2730 ob·

136 2770 287 2828 scuritatis
316 2768 503 2828 affectatione
532 2769 692 2847 insignem,
726 2769 840 2847 respice
869 2767 997 2846 denique
1026 2769 1126 2846 operis
1151 2767 1186 2828 de
1210 2770 1309 2830 uictus

135 2867 250 2925 ratione
279 2859 369 2946 (περὶ
397 2861 540 2946 διαίτης)
569 2867 725 2944 compositi
753 2865 861 2926 librum
892 2867 1036 2947 primum,
1069 2865 1120 2925 ubi
1148 2875 1309 2947 auctorem,

136 2982 195 3023 non
221 2965 284 3023 sine
309 2962 404 3042 aliqua
425 2965 471 3024 331
494 2964 589 3042 133133
608 2966 765 3025 1331311333
789 2964 885 3024 133133
904 2962 1051 3042 latiusque
1070 2965 1202 3025 inuentis
1221 2965 1307 3043 glori-

134 3070 242 3140 antem,
266 3059 365 3140 paullo
388 3067 456 3141 post
480 3056 637 3141 ‘abruptis'
662 3069 796 3122 utentem
815 3061 948 3140 reperies
967 3062 1123 3120 sententiis
1147 3080 1180 3121 ac
1200 3056 1307 3142 ‘suspi-

133 3155 234 3220 ciosis’
261 3192 299 3201 —
325 3159 398 3221 baec
421 3161 519 3221 omnia
542 3159 578 3220 ab
607 3180 666 3221 333
690 3160 809 3220 bomine
838 3159 1006 3238 conscripta
1025 3155 1093 3218 'non
1118 3177 1185 3220 esse
1208 3162 1306 3220 statim

134 3257 343 3337 suspicaberis

223 3354 375 3417 Accedunt
405 3358 551 3435 grauiora.
599 3365 772 3437 argumenta
802 3357 881 3415 enim
912 3353 1096 3433 singulorum
1126 3373 1250 3435 operum
1281 3360 1306 3418 si

134 3456 369 3534 comparaueris,
393 3454 552 3516 admodum
576 3457 658 3516 33113
682 3454 737 3516 tibi
760 3452 942 3515 uidebuntur
965 3471 998 3513 ac
1023 3452 1228 3532 discrepantia.
1257 3475 1305 3515 ex-

133 3558 212 3613 stant
235 3550 341 3631 libelli,
369 3554 399 3613 in
423 3553 532 3632 quibus
556 3563 586 3614 31
608 3552 833 3614 obseruationes
860 3550 1077 3631 physiologicae
1104 3551 1304 3631 pathologicae

133 3651 318 3730 chirurgieae
343 3659 533 3729 exponuntur
557 3661 587 3711 et
605 3659 761 3731 praecepta
786 3651 894 3710 dantur
917 3667 934 3708 e
957 3647 1018 3708 sola
1041 3653 1232 3726 experientia
1255 3651 1303 3712 de-

132 3755 263 3828 sumpta3
287 3754 396 3828 extant,
415 3750 445 3808 in
465 3748 573 3827 quibus
593 3739 794 3811 doctrinarum
813 3746 1083 3827 philosophicarum
1102 3758 1304 3826 agnoscuntur

132 3847 269 3927 uestigia,
298 3845 467 3906 lonicorum
491 3845 617 3932 scilicet,
645 3846 912 3926 Pythagoreorum,
945 3843 1126 3926 Eleatarnm,
1154 3844 1303 3930 Heracliti,

132 3944 328 4025 Empedoclis,
352 3944 522 4028 llemocriti,
541 3944 742 4025 Anaxagorae3
767 3962 863 4023 neque
883 3943 991 4004 desunt
1004 3944 1035 4004 in
1055 3941 1301 4029 discipulorum⁹)

204 4109 229 4176 1)
249 4107 289 4162 De
307 4107 451 4162 Marciano
471 4106 535 4161 uide
555 4105 675 4177 quaein
695 4107 832 4177 epimetro
851 4106 974 4178 exposui.

201 4188 228 4256 2)
247 4187 334 4258 Περὶ
349 4185 467 4257 ἰητροῦ
481 4187 521 4240 IX
534 4206 560 4257 p.
577 4192 629 4242 204
639 4205 699 4256 sqq.
720 4187 749 4244 L.
765 4189 911 4258 elpidii.
928 4193 988 4241 214.
1004 4192 1064 4242 218.
1076 4218 1109 4227 -
1121 4187 1250 4242 Celerum
1266 4190 1301 4243 ab

130 4268 224 4323 animo
238 4267 391 4337 impetrare
402 4284 518 4337 nequeo,
527 4269 559 4322 ul
573 4267 694 4322 iucunda
708 4285 774 4324 sane
788 4269 949 4339 praecepta,
963 4283 1063 4336 parum
1072 4270 1148 4337 nota,
1159 4267 1301 4337 reticeam,

129 4347 211 4414 initio
219 4346 302 4402 huius
311 4346 470 4418 scriptionis
480 4364 551 4417 quae
559 4347 701 4416 leguntur:
711 4343 815 4420 Ἰητροῦ
824 4349 877 4421 μέν
886 4344 1103 4416 catraperseta
1114 4343 1184 4420 ὃρῇν
1196 4341 1301 4420 εὔχρως
