2994 4898
545 238 761 304 ,53-

26 401 28 462 t
73 392 266 480 ἀπορήσειεν
289 392 332 461 dv
356 420 415 479 τις,
440 393 495 461 διὰ
519 401 554 460 τί
574 393 648 462 ποτ’
675 393 786 476 οὐδεὶς
806 401 873 465 τῶν
893 395 1041 486 άρχαίων
1061 401 1178 483 σοφῶν
1197 401 1236 465 τά

72 501 154 559 αίπια
176 493 253 581 περὶ
275 493 436 578 γενέσεως
457 494 513 558 καὶ
536 496 670 580 φθοράς
693 495 801 580 λέγων
823 496 898 583 περὶ
915 495 1016 582 τύχης
1035 493 1137 563 οὐδὲν
1163 495 1238 564 διά-

72 609 169 676 ρισεν,
194 586 267 657 ἀλλ’
295 586 338 669 ὡς
362 594 469 657 ἔοικεν
494 588 596 658 οὐδὲν
620 589 727 682 ᾤοντο
748 590 821 660 οὐδ’
848 595 968 660 ἐκεῖνοι
993 591 1079 660 εἶναι
1099 590 1164 660 άπὸ
1184 591 1238 660 τά-

70 715 123 774 χης
146 714 174 773 p.
198 691 297 756 1961
318 687 367 776 Ἱ);
400 693 525 755 alterum
559 697 589 754 in
622 695 703 756 caelo
723 699 762 757 ,οἱ
786 698 987 758 tantummodo
1012 697 1108 758 iocum
1134 716 1238 758 conce-

71 793 208 873 dentium,
233 794 372 871 quoniam
392 794 550 852 conuersio
571 795 721 872 motinque
741 793 850 873 quibus
869 797 899 856 in
914 795 1050 856 ordinem
1064 795 1238 858 distinctum

71 891 104 950 sit
131 893 308 951 uniuersum
338 907 409 950 casu
438 889 515 951 iacta
543 885 612 972 111,
630 891 765 952 animalia
794 911 867 952 uero
899 892 1075 973 plantaeque
1101 913 1155 954 uec
1179 896 1239 954 sint

69 1008 133 1049 casu
159 1007 256 1068 neque
281 989 353 1049 tiaut
375 982 454 1068 (είσὶ
479 982 518 1048 δέ
538 1007 626 1060 τινες
650 987 685 1048 οἳ
705 983 760 1050 καὶ
783 981 954 1072 τούρανοῦ
977 989 1077 1052 τοῦδε
1096 987 1150 1052 καὶ
1169 988 1238 1052 τῶν

68 1082 236 1165 conpendio
263 1077 400 1146 πάντων
423 1081 595 1146 αἰτιῶνται
618 1083 656 1148 τὸ
681 1077 870 1167 αὐτόματον
893 1090 959 1150 κτλ.
983 1085 1147 1172 111111.24);
1180 1099 1238 1150 ter·

69 1187 139 1245 tium
169 1183 298 1263 denique
327 1201 430 1244 eorum
436 1185 529 1264 ‚nqui
559 1202 678 1246 causam
702 1186 821 1265 quidem
845 1205 911 1248 esse
935 1188 1057 1250 credant
1081 1189 1239 1267 fortunam,

69 1283 114 1343 sed
139 1281 286 1342 occultam
310 1283 403 1342 menti
426 1281 571 1342 humanae
595 1285 681 1362 quasi
703 1284 838 1346 diuinum
862 1286 932 1365 quid
957 1294 987 1347 et
1005 1286 1139 1347 mirabile
1160 1235 1239 1366 (1111

69 1375 102 1440 δέ
122 1399 212 1452 τινες
235 1365 285 1452 οἷς
309 1369 455 1440 δοκεῖ
424 1398 510 1440 ειναι
533 1377 623 1442 αίτία
646 1373 747 1461 μὲν
729 1404 758 1464 η
769 1376 871 1465 τύχη,
894 1375 1019 1464 ἄδηλος
1042 1376 1079 1444 dt
1104 1372 1239 1463 ἄνθρω-

68 1476 144 1560 πίνη
169 1467 351 1559 druvoc'p‘
328 1497 373 1549 ως
392 1469 494 1538 θεῖόν
517 1497 548 1538 τι
572 1464 657 1540 ούσα
680 1473 736 1540 καὶ
760 1475 1023 1564 δαιμονιώτερον
1046 1502 1073 1561 p.
1091 1476 1238 1563 196b5).

68 1576 191 1637 muttum
215 1582 314 1636 autem
338 1574 435 1656 abest,
469 1583 501 1636 ut
525 1575 575 1636 tali
599 1580 713 1638 ratione
738 1572 839 1661 (cuius
863 1580 949 1660 ptura
972 1579 1107 1659 exempta
1130 1580 1237 1639 afferre

69 1691 322 1755 superuacaneum
346 1680 400 1754 est,
425 1674 461 1733 cs.
486 1672 562 1733 aeui
586 1673 662 1737 Piae.
686 1676 698 1734 1
723 1673 774 1756 29,
798 1677 941 1757 Epiphau.
960 1697 988 1757 p.
1008 1673 1072 1738 593
1087 1671 1238 1758 boxogr.)

68 1773 99 1832 dc
128 1774 248 1833 fortuna
280 1771 478 1852 philosophati
506 1776 564 1834 sint
594 1771 756 1836 medicinae
780 1777 907 1856 inimici,
939 1777 969 1835 iu
994 1792 1069 1853 quos
1093 1792 1238 1835 conuersa

68 1882 108 1934 est
132 1869 399 1933 declamatiuncnla
414 1880 525 1953 nostra,
549 1872 762 1935 calumniarum
778 1873 920 1935 futtilium
934 1872 1119 1934 iaculatores.
1152 1890 1237 1932 accu-

66 1972 157 2032 ratius
175 1971 408 2050 inquisiuerunt,
431 1971 545 2030 inerte
567 1971 682 2031 medica
696 1971 832 2032 fortunae
852 1989 927 2050 quae
942 1980 1021 2034 esset
1036 1972 1083 2030 uis
1103 1987 1237 2050 quaeque
1321 1968 1323 1972 ’

67 2071 89 2129 ci
118 2085 262 2129 concessa
290 2067 465 2147 auctoritas,
493 2076 630 2129 auctores
658 2062 733 2148 περὶ
757 2062 893 2130 νούσων
921 2061 955 2128 α’
975 2077 1005 2129 et
1028 2061 1102 2148 περὶ
1126 2058 1237 2128 τόπων

66 2165 129 2228 τῶν
158 2155 230 2228 κατ’
256 2156 448 2246 ἄνθρωπον.
491 2173 580 2244 atque
603 2166 651 2227 ille
675 2167 795 2246 quidem
819 2185 855 2228 ex
879 2168 1042 2246 improuiso
1066 2165 1142 2225 bene
1162 2183 1236 2244 quae

66 2267 222 2326 euenirent
232 2265 262 2323 iu
266 2260 394 2375 morbis,
409 2255 1022 2380 1111111111,11ρο1111111ρ.1111(τὰχάρ
1037 2261 1175 2324 τοιαῦτα
1190 2255 1234 2324 δι’

67 2355 227 2477 ουδεμίην
242 2351 319 2422 ούτε
332 2359 457 2439 σοφίην
473 2357 597 2441 ἰητρῶν
612 2360 742 2442 χίνεταί
752 2382 786 2423 τε
801 2353 905 2422 uud'
867 2361 1057 2443 ουχίνεται,
1072 2352 1144 2422 ἀλλ’
1162 2353 1237 2423 άπὸ

64 2459 132 2523 τοῦ
158 2450 386 2554 αὐτομάτου
404 2451 469 2518 καὶ
489 2453 722 2541 ἐπιτυχίης),
746 2463 880 2540 proximo
900 2459 1144 2520 medicaminibus
1163 2479 1238 2538 quae

66 2563 158 2621 insint
181 2561 263 2619 uires
287 2556 481 2618 secundariae
500 2556 610 2637 probae
630 2551 1238 2639 11111111111111111111(ἐπιτυχίηδὲ

65 2678 101 2717 τα
127 2648 301 2717 τοιάδεοί
323 2647 430 2738 ἰητροὶ
454 2649 626 2718 ποιέουσιν
651 2651 687 2718 ἐν
710 2653 749 2738 τῇ
774 2655 935 2738 θεραπείῃ
959 2646 1119 2735 ἀγαθά..
1134 2648 1239 2716 .ιιακὰ

66 2749 100 2816 di
124 2745 205 2816 τάδε
229 2742 561 2834 ἄπερχάζουταιάπό
585 2744 721 2834 άπυχίης
744 2752 827 2832 le.
850 2745 941 2835 154)
965 2752 1013 2813 bic
1038 2771 1114 2833 eum,
1138 2755 1239 2832 quiet

16 2911 17 2924 2
65 2853 219 2913 bominum
247 2859 368 2938 naturas
397 2853 517 2911 nouerit
545 2859 575 2912 et
601 2853 773 2912 occasiones
801 2843 871 2934 (καὶ
898 2869 939 2911 πα
968 2846 1059 2911 adden
1081 2843 1137 2910 παὶ
1159 2847 1239 2923 τους

66 2941 230 3032 καιρούς),
255 2950 374 3009 minime
399 2967 415 3010 e
439 2950 558 3010 fortuna
582 2948 714 3028 pendere
734 2948 820 3009 docet
840 2965 901 3026 cap
918 2945 1007 3008 XLVI
1026 2936 1134 3029 (ὃς
1097 2967 1160 3026 χαρ
1181 2938 1238 3008 ού-

16 3029 17 3108 s
64 3070 127 3122 τως
147 3038 300 3162 ἰητρικὴν
318 3041 374 3107 ἐπί
359 3045 497 3126 ίσταται,
522 3037 728 3160 ἐλάχιστα
693 3065 755 3126 την
773 3037 878 3125 τύχην
897 3039 1053 3125 ἐπιμένει,
1077 3036 1161 3104 ἀλλὰ
1183 3038 1239 3104 καὶ

64 3140 148 3208 άνευ
170 3140 273 3256 τύχης
295 3137 351 3204 καὶ
374 3136 434 3218 ξυν
457 3136 539 3225 τύχη
564 3134 807 3223 εύποιηθείη”
786 3163 830 3204 αν
853 3141 937 3222 le.
956 3135 1046 3224 342).
1088 3142 1237 3203 fortunam

65 3248 144 3306 enim
168 3227 314 3304 riuiiius
306 3244 431 3322 imperio
456 3241 621 3303 subiectam
644 3240 755 3306 nullius
780 3248 850 3300 uoto
870 3239 1059 3321 exorabilem,
1083 3243 1238 3301 scientiam

16 3391 17 3396 1
65 3363 138 3404 uero
163 3340 366 3403 dominamt
337 3347 366 3400 et
389 3339 515 3414 felicem,
539 3342 565 3400 si
588 3339 675 3400 modo
699 3357 735 3398 ea
758 3345 858 3399 utatur
881 3339 997 3417 peritus
1017 3328 1108 3421 (ἡ
1071 3358 1136 3451 χαρ
1155 3330 1237 3418 τύχη

64 3431 272 3519 αύτοκραπης
298 3433 353 3500 καὶ
385 3427 445 3500 ούκ
473 3428 607 3521 άρχεται
636 3426 710 3498 oud'
741 3427 791 3497 ἐπ’
827 3426 906 3516 εὐχῇ
936 3430 1026 3497 ἐστιν
1053 3426 1161 3514 αὐτὴν
1189 3431 1237 3496 tt-

64 3543 156 3601 θεῖν·
203 3527 223 3616 ἡ
253 3527 283 3597 d’
316 3527 475 3616 ἐπιστήμη
504 3527 642 3616 άρχεταί
666 3554 701 3596 τε
728 3527 783 3595 καὶ
812 3523 950 3614 εύτυχής
974 3528 1079 3611 ἐστίν,
1112 3522 1238 3598 ὁπόταν
1344 3609 1345 3612 ¹

64 3629 227 3716 βούληται
255 3624 273 3696 ὁ
303 3627 520 3715 ἐπιστάμενος
547 3625 716 3715 χρῆσθαι).
762 3644 821 3692 nec
846 3650 916 3692 sane
945 3632 1143 3691 necessariam
1172 3647 1238 3690 esse

65 3737 121 3796 1111
149 3734 313 3814 fortunam,
340 3735 480 3811 quoniam
509 3734 636 3794 existant
661 3730 831 3791 morborum
856 3728 1049 3790 medicamina
1074 3728 1238 3808 1111111111,

65 3850 141 3912 quae
166 3830 300 3911 quidem,
323 3833 349 3890 si
372 3829 458 3890 modo
483 3831 623 3909 existant,
651 3830 715 3889 sine
745 3829 863 3887 fortuna
891 3829 1050 3887 restituant
1083 3828 1238 3886 sanitatem

64 3924 110 4046 {⁸⁶
137 3917 259 4008 μὲν
222 3946 285 4040 γαρ
310 3924 391 3987 ἔστι
413 3922 480 3987 τῶν
487 3918 703 4044 νοσημάτων
722 3917 884 4038 φάρμακα
908 3915 1084 4004 σαφέα,
1051 3942 1152 4005 οιμαι,
1177 3915 1238 3985 brix

65 4021 212 4107 ἐπιμένει
239 4044 300 4104 την
328 4043 435 4105 τυχην
461 4016 501 4085 τὰ
529 4019 687 4107 φάρμακα
714 4013 793 4103 ὑγιᾶ
821 4035 958 4103 ποιησαι
986 4041 1025 4082 τα
1055 4012 1238 4102 νοσήματα,

66 4128 99 4187 εί
119 4142 179 4206 τερ
203 4121 287 4184 ἔστι
309 4114 349 4184 τὰ
374 4114 555 4206 φάρμακα).
597 4122 758 4184 concordat
782 4139 849 4182 curn
873 4121 919 4182 his
943 4128 1048 4182 auctor
1071 4113 1145 4198 περὶ
1168 4115 1236 4200 τίχ-

66 4244 142 4303 νης,
175 4236 265 4302 quem
285 4223 448 4334 scripsisse
474 4222 687 4282 reminisceris:
719 4210 866 4378 πολὶλιχ’
848 4211 978 4299 ανάχιτη
1002 4207 1125 4291 αύτούς
1144 4209 1237 4278 ἐστιν

67 4309 303 4403 ἐχντιιιέναι,”
283 4337 334 4380 οτι
353 4302 401 4399 ἦν
418 4337 449 4379 τι
468 4309 505 4378 τὸ
526 4308 707 4400 άφελησαι,
730 4311 785 4379 καὶ
809 4308 863 4382 ὅτε
887 4313 1076 4400 ἐβλάβησαν
1095 4311 1141 4402 τῷ
1160 4314 1237 4393 βλα
