2994 4898
689 264 904 327 -46-

213 428 333 487 allectos
356 426 493 486 uidemus
518 445 552 485 eo
575 433 718 507 tempore,
742 445 801 506 quo
825 428 966 487 scientiae
990 425 1095 486 ardore
1116 426 1208 503 magis
1233 425 1390 502 magisque

212 527 326 584 animos
358 523 557 585 inflammante
589 541 703 584 summa
736 526 913 603 cognitionis
945 524 1094 584 ¹humanae
1125 524 1201 603 petit
1233 522 1391 600 ingenium

213 621 408 682 Graecorum:
431 621 571 701 quodque
595 622 717 682 inuenta
736 621 929 682 defendentes
948 623 1051 700 eisque
1071 623 1232 681 innitentes
1252 629 1314 680 tum
1334 637 1390 698 po·

213 721 370 801 tissimum,
393 738 459 780 cum
486 720 557 781 nihil
581 720 642 781 sere
666 715 770 781 tutum*
792 719 911 781 uidetur
934 739 949 779 a
978 719 1176 799 sophistarum
1201 717 1389 798 ratiunculis

302 818 509 878 Necessarium
543 838 602 879 nnn
635 837 715 901 esse,
749 827 781 878 ut
805 817 873 878 libri
897 818 932 879 de
957 817 1028 878 Arte
1052 825 1083 876 et
1105 817 1142 876 de
1166 823 1269 876 uetere
1293 814 1389 876 Medi—

212 918 278 976 cina
301 935 361 976 uno
385 917 471 977 titulo
495 919 703 978 contineantur
727 917 876 977 uidemus:
900 914 979 976 haud
1003 914 1164 994 probabilis
1187 913 1274 973 nobis
1296 909 1388 991 appa-

212 1015 296 1075 rebat
310 1015 382 1074 lraec
397 1017 576 1095 coniunctio,
596 1015 666 1077 dum
680 1015 829 1076 diuersam
844 1021 1016 1092 reputamus
1035 1013 1196 1074 uerborum
1217 1011 1388 1090 synthesin:

212 1121 305 1172 restat
329 1119 362 1172 ut
385 1112 524 1172 absonam
549 1115 730 1174 euincamus
777 1111 855 1191 quod
879 1120 913 1171 ut
938 1111 1022 1172 nobis
1046 1113 1207 1190 contingat,
1231 1108 1303 1170 nihil
1327 1111 1386 1169 uti-

211 1209 287 1284 lius,
316 1227 404 1289 quam
433 1213 604 1290 scriptionis
632 1214 741 1290 prioris
770 1212 875 1289 capitis
904 1199 1026 1271 alterius
1051 1211 1195 1270 tractatio.
1242 1227 1301 1287 quo
1324 1210 1387 1268 exi-

212 1317 290 1368 stere
323 1317 418 1368 artem
446 1327 684 1389 unamquamque
717 1309 914 1369 demonstrari
947 1325 1036 1386 supra
1066 1306 1176 1368 rettuli.
1223 1309 1388 1387 quaeritur,

210 1404 258 1464 his
287 1407 360 1484 ipsis
394 1406 495 1466 uerbis
524 1406 552 1466 id
581 1426 652 1468 num
677 1416 814 1487 negatum
839 1408 929 1467 luerit
952 1405 988 1467 ab
1012 1407 1069 1485 eis,
1092 1403 1201 1466 'contra
1225 1424 1300 1484 quos
1323 1413 1386 1465 tota

211 1522 356 1564 conuersa
380 1514 425 1566 est
448 1505 642 1566 oratiuncula.
684 1506 859 1584 suspiceris,
892 1506 990 1564 octaui
1013 1505 1119 1582 capitis
1144 1505 1307 1582 respiciens
1331 1504 1388 1562 ini-

211 1602 300 1682 tium,
329 1602 379 1662 ubi
404 1621 469 1662 esse
493 1602 636 1682 quosrlam
660 1604 804 1683 refertur,
832 1605 857 1662 si
886 1602 972 1662 modo
1001 1620 1050 1662 ars
1079 1603 1198 1683 existat,
1223 1603 1320 1660 omnia
1349 1619 1387 1659 ex

212 1718 307 1778 aequo
323 1719 355 1760 ea
372 1703 468 1762 sanari
483 1719 606 1762 necesse
621 1720 687 1762 esse
702 1703 931 1780 pronuntiantes
945 1693 1024 1782 (elul
1040 1694 1079 1760 δέ
1094 1719 1183 1772 τινες
1203 1746 1209 1758 .
1225 1744 1254 1760 ..
1273 1693 1388 1776 λέγον-

210 1818 263 1870 τες
383 1796 471 1876 δεῖν,
505 1801 613 1881 είτιερ
642 1785 684 1882 ἦν
712 1789 732 1879 ἡ
762 1793 893 1879 τέχνη,
926 1789 1031 1859 πάνθ’
1058 1788 1181 1878 ὁμοίως
1204 1791 1323 1874 ίῆσθαι
1347 1793 1387 1853 Vl

210 1916 238 1975 p.
261 1894 330 1975 12):
362 1899 419 1957 iam
449 1915 589 1978 sequere,
618 1897 765 1976 quomodo
789 1896 940 1974 procedat.
985 1894 1167 1956 ordinandus
1191 1903 1236 1953 est
1259 1893 1313 1952 hac
1338 1911 1387 1952 ra-

138 2051 142 2057 .
211 1997 289 2054 tione
323 1997 453 2055 auctoris
484 1994 683 2073 syllogismus:
715 1996 906 2073 proponitur:
941 1985 1066 2072 ἄλογον
1096 1990 1164 2054 ταῖν
1197 1983 1386 2058 ἐόντων,τι

209 2083 369 2171 ἡγέεσθαι
400 2085 444 2172 μὴ
479 2084 551 2172 ε’όν,
585 2112 643 2172 quo
671 2095 701 2152 in
730 2095 882 2153 enuntiato
911 2094 989 2152 entia
1018 2091 1159 2152 dicuntur
1189 2106 1386 2168 quaecunque

210 2208 333 2249 cernere
357 2189 443 2250 liceat
467 2198 497 2250 et
520 2207 714 2269 cognoscere,
748 2208 806 2248 non
831 2192 909 2250 entia
942 2208 1017 2268 quae
1047 2207 1106 2248 non
1136 2187 1223 2248 liceat
1246 2177 1298 2269 (τὰ
1322 2179 1386 2264 μὲν

210 2282 309 2348 ἐόντα
337 2281 402 2346 orlei
431 2277 575 2366 δρᾶταί
588 2306 624 2346 τε
643 2279 698 2347 καὶ
717 2279 968 2365 γινώσκεται,
992 2279 1032 2346 τὰ
1056 2278 1094 2346 δὲ
1116 2274 1161 2364 μὴ
1186 2277 1283 2345 ἐόντα
1307 2275 1387 2344 οὔτε

210 2375 327 2466 ὁρᾶται
351 2376 429 2446 ον”τε
453 2377 674 2468 γινώσκεται),
699 2384 735 2444 de
760 2403 887 2463 quorum
911 2394 1016 2445 natura
1043 2381 1222 2443 conferenda
1246 2401 1320 2462 quae
1344 2381 1386 2441 le—

159 2528 162 2533 -
209 2492 321 2561 guntur
344 2501 448 2561 supra:
479 2480 548 2544 τῶν
575 2503 613 2562 γε
639 2475 684 2562 μὴ
709 2475 835 2543 ἐόντων
858 2482 933 2543 τίνα
956 2474 1000 2543 ἅν
1022 2503 1072 2554 τις
1096 2471 1216 2558 οὐσίην
1239 2472 1384 2559 θεησοί-

209 2600 326 2661 μενος
345 2571 575 2659 ἀπαγγείλειεν
594 2569 639 2652 ὡς
658 2578 761 2658 ἔστιν,
780 2582 924 2659 itemque:
944 2578 974 2641 εί
992 2573 1056 2662 γὰρ
1076 2569 1118 2658 δὴ
1138 2576 1207 2638 ἔστι
1221 2569 1254 2656 γ’
1276 2575 1290 2637 ί
1295 2575 1316 2637 δ
1322 2583 1384 2637 είν

208 2669 248 2738 τὰ
272 2670 316 2758 μὴ
342 2670 441 2738 ἐόντα
464 2667 575 2757 ὥσπερ
598 2668 638 2736 τὰ
663 2669 776 2754 ἐόντα,
802 2668 954 2738 οὐκοῖδ’
981 2669 1070 2748 ὅπως
1095 2668 1138 2736 ἄν
1157 2695 1207 2747 τις
1225 2665 1309 2736 αὐτὰ
1330 2696 1385 2736 νο-

210 2775 316 2854 μίσειε
338 2767 381 2856 μὴ
402 2768 512 2854 ἐόντα,
533 2765 606 2853 ἄγε
625 2767 744 2853 εἴηκαὶ
764 2765 1038 2855 ὀφθαλμοῖσιν
1058 2771 1162 2834 ίδεϊν
1178 2767 1233 2834 καὶ
1248 2765 1384 2854 γνοίμγγ

208 2871 352 2954 νοῆσαι
382 2862 426 2945 ὡς
450 2870 548 2933 ἔστιν.
600 2875 720 2952 quaeris
748 2876 994 2954 assumptionem,
1023 2876 1100 2932 inest
1123 2873 1153 2931 in
1178 2871 1237 2931 his:
1265 2863 1383 2949 yconi-

209 2985 342 3032 σκεται
364 2969 482 3033 τοίνυν
507 2964 730 3051 δεδειγμένων
754 2965 876 3051 είδεαῙ)
901 2968 967 3032 τῶν
990 2964 1144 3050 τεχνέων,
1168 2963 1222 3029 καὶ
1242 2959 1384 3047 οὐδεμία

210 3063 300 3131 ἐστὶν
324 3059 345 3148 ἥ
369 3089 406 3148 γε
425 3066 460 3128 ε”ιι
483 3088 575 3141 τινος
598 3065 704 3140 εἴδεος
727 3059 788 3149 οὐχ
812 3060 885 3151 ὁρᾶ
894 3088 966 3130 ται.
1012 3071 1042 3128 in
1067 3077 1205 3146 promptu
1230 3069 1287 3126 iam
1311 3072 1383 3126 oon-

209 3168 311 3228 clusio.
342 3186 396 3227 nec
416 3185 489 3227 uero
509 3166 555 3226 his
575 3169 737 3246 acquiescit
756 3175 868 3248 auctor,
891 3166 953 3246 sed,
976 3169 1040 3227 siue
1061 3165 1165 3226 lulcire
1185 3164 1241 3225 sibi
1260 3164 1383 3225 uidetur

210 3285 285 3344 quae
304 3264 441 3346 protulit,
465 3266 529 3324 siue
549 3265 688 3345 supplere
708 3265 820 3346 saltem,
842 3257 881 3326 τὰ
908 3262 997 3326 είδεα
1021 3266 1128 3324 artium
1151 3265 1258 3322 asserit
1276 3281 1384 3322 causas

133 3401 137 3408 ·
209 3382 274 3424 esse
298 3365 451 3424 nominum
476 3353 582 3445 (οἶμαι
613 3355 645 3422 δ’
671 3361 774 3442 ἔγωγε
797 3357 851 3422 ναὶ
874 3355 914 3422 τὰ
940 3354 1109 3442 οὐνόματα
1133 3351 1237 3434 αὐτὰς
1259 3351 1315 3421 διὰ
1340 3355 1382 3438 τὰ

208 3461 299 3523 είδεα
328 3454 471 3540 rapum:
500 3479 626 3540 namque
650 3460 717 3520 ideo
741 3460 903 3522 absurdum
927 3479 1006 3541 esse,
1035 3461 1060 3520 si
1088 3461 1155 3539 quis
1179 3460 1287 3519 sentiat
1310 3475 1382 3518 oon-

210 3562 350 3639 trarinm,
379 3559 447 3637 quia
478 3559 596 3617 nomina
624 3558 743 3638 quidem
768 3567 889 3619 naturae
913 3558 978 3637 lege
1002 3559 1162 3618 constituta
1187 3558 1259 3636 sint,
1289 3552 1382 3626 είδεα

208 3677 281 3717 uero
305 3674 363 3715 non
388 3657 563 3734 constituta,
591 3655 642 3716 sed
670 3666 812 3736 prognata
841 3648 981 3738 (ἄλογον
1008 3647 1073 3736 γὰρ
1102 3644 1166 3714 ἀπὸ
1190 3651 1258 3714 τῶν
1282 3643 1382 3714 οὐνο-

207 3748 321 3836 μάτων
348 3744 388 3814 τὰ
417 3749 507 3812 είδεα
534 3743 693 3831 ἡγέεσθαι
721 3745 923 3833 βλαστάνειν
949 3747 1004 3813 καὶ
1033 3743 1219 3813 ἀδύνατον·
1247 3743 1288 3812 τὰ
1317 3745 1383 3832 μὲν

207 3844 270 3935 γὰρ
295 3841 465 3930 οὐνόματα
489 3843 609 3927 φύσιος
631 3843 887 3932 νομοθετήματα
911 3846 993 3928 ἐστι,
1016 3841 1056 3910 τὰ
1085 3841 1122 3910 δὲ
1146 3846 1236 3910 εἴδεα
1260 3841 1304 3910 οὐ
1325 3869 1383 3910 νο·

207 3942 432 4030 μοθετήματα,
456 3939 540 4008 ἀλλὰ
565 3941 800 4030 βλαστήματα).

296 4047 343 4107 ΑΙι
364 4053 484 4107 auctore
508 4047 573 4125 ipso
598 4049 761 4125 excogitata
784 4045 857 4106 haec
881 4065 940 4106 non
965 4064 1040 4126 esse,
1064 4065 1098 4106 ex
1123 4047 1166 4106 eis
1190 4044 1291 4106 uerbis
1310 4064 1381 4124 per·

208 4149 347 4227 spiritur,
376 4143 485 4223 quibus
513 4144 548 4204 ad
577 4153 671 4204 artem
700 4143 842 4206 medicam
871 4145 1028 4205 transitum
1058 4144 1134 4203 lacit.
1181 4144 1253 4204 haec
1282 4147 1381 4206 enim:

217 4389 221 4398 «
283 4358 309 4426 1)
329 4355 408 4408 εἴδεα
429 4367 491 4408 oum
509 4351 607 4408 Fo‘esio
626 4350 824 4424 recipiendum.
862 4345 917 4422 ἤδη
936 4369 1008 4422 mss,
1029 4349 1164 4420 Lil’creus3
1183 4353 1246 4422 εἴδη
1265 4351 1295 4408 L.
