2994 4898
589 267 817 328 -11-·

104 445 161 506 pus
189 427 342 488 redactum
366 445 431 486 esse
461 422 533 506 (quo
562 445 633 487 num
671 446 742 488 usus
776 431 814 490 sit
837 430 922 491 Meno
955 434 985 490 in
1018 429 1167 514 ἰατρικῆς
1199 447 1277 495 συν-

104 522 258 605 αγγωγῆς
275 525 359 586 libris
375 518 548 607 nescimus),
572 528 755 586 accuratiore
776 535 874 588 autem
894 547 969 608 opus
989 549 1053 590 esse
1074 533 1275 612 inquisitione,

105 627 162 705 uti,
196 643 254 702 quo
289 630 420 703 tempore
449 623 634 703 singulorum
663 624 845 687 collectionis
873 626 1039 689 libellorum
1069 629 1145 708 aprrrd
1179 631 1277 708 quarti

107 722 219 783 saeculi
252 725 413 802 scriptores
446 724 540 802 prima
568 732 728 802 appareant
751 727 889 807 uestigia,
922 725 1048 804 amplius
1070 745 1157 806 qrram
1182 727 1277 788 adhuc

103 820 214 882 iactum
238 821 276 881 sit
299 814 486 902 statuatur.¹)

194 918 274 980 Haec
301 927 383 980 recta
411 921 473 1000 uia,
502 939 558 998 qrra
579 917 622 980 ‘ad
648 921 774 1001 syllogae
797 922 949 984 historiam
981 923 1183 984 illustrandam
1211 943 1276 1002 per·

103 1020 256 1099 uenietur,
280 1036 376 1097 neque
400 1036 473 1077 uero
498 1020 525 1078 ei
553 1037 708 1100 concessa,
741 1024 792 1099 qui
824 1024 928 1100 primis
956 1021 1042 1082 modo
1071 1025 1203 1084 initiatus
1231 1033 1277 1085 est

104 1118 247 1177 scientiae
270 1119 371 1178 sacris.
400 1134 527 1195 namque
547 1116 583 1176 ad
603 1135 670 1177 eum
690 1116 821 1179 laborem
841 1120 1073 1201 suscipiendum,
1096 1125 1182 1184 cuius
1201 1123 1275 1184 indi·

102 1217 237 1275 cauimus
262 1207 404 1294 σκοπόν,
429 1217 509 1275 uires
534 1234 602 1276 cum
626 1216 816 1295 suppeditent
839 1219 963 1299 nemini,
991 1219 1049 1278 nisi
1078 1223 1129 1298 qtri
1152 1239 1276 1299 prorsus

101 1315 301 1374 insinuauerit
324 1331 389 1374 sese
412 1331 467 1392 per
490 1313 570 1392 longi
594 1316 736 1392 temporis
760 1316 1006 1377 consuetudinem
1029 1319 1059 1376 in
1079 1319 1275 1397 amplissimos

100 1429 227 1492 operum
242 1411 518 1492 Hippocraticorum
544 1411 708 1492 thesauros,
732 1414 766 1493 ic,
791 1414 841 1492 qui
864 1416 968 1492 primis
993 1413 1083 1475 labris
1107 1416 1276 1495 degustauit

99 1511 209 1570 horum
229 1511 396 1571 studiorum
420 1518 567 1570 austeram
590 1509 815 1592 iucunditatem,
834 1511 910 1590 quid
932 1512 1045 1573 valeant
1059 1513 1176 1574 humeri
1190 1533 1273 1594 prac-

100 1610 260 1692 meditatus
284 1627 353 1690 non,
376 1627 452 1688 qnae
476 1610 588 1668 semina
612 1627 648 1668 ex
671 1610 763 1668 totins
787 1607 970 1670 collectionis
989 1629 1084 1671 cornu
1103 1614 1223 1692 copioso
1242 1617 1273 1674 in

99 1709 301 1788 posteriorum
329 1709 509 1786 scriptorum
537 1709 653 1785 ingenia
682 1709 815 1767 coniecta
843 1725 909 1766 esse
937 1711 1002 1768 ueri
1032 1709 1126 1769 simile
1151 1712 1201 1792 sit,
1230 1714 1272 1772 in-

99 1806 308 1886 uestigandum
323 1805 379 1866 sibi
393 1814 549 1886 proponet,
568 1805 620 1865 sed
635 1805 816 1865 anteriorum
837 1806 936 1882 potius
955 1813 985 1866 ct
1004 1806 1169 1884 aequalium
1190 1827 1272 1870 scru-

99 1904 212 1965 tabitur
235 1903 399 1992 doctrinas,
427 1907 470 1965 uti
498 1911 528 1964 et
556 1904 715 1982 perspiciat
739 1905 803 1961 eius
823 1921 898 1981 quae
918 1905 956 1964 sit
975 1904 1119 1987 condicio,
1135 1914 1180 1986 ¹et,
1204 1926 1272 1967 cum

97 2005 298 2085 perspexerit,
331 2003 366 2064 ad
390 2005 500 2063 maiora
528 2000 674 2062 molienda
697 2001 847 2083 paullatim
871 2002 1058 2064 conualuisse
1085 2023 1150 2065 sese
1179 2009 1273 2084 possit
1309 2087 1313 2094 ι

94 2103 274 2182 persentiret

579 2199 791 2208 ἡ...

190 2325 274 2395 Quod
298 2329 323 2388 si
343 2329 531 2407 reputaucris
551 2335 659 2407 tecum,
683 2328 865 2387 artissimum
884 2326 1068 2404 temporibus
1086 2329 1194 2406 priscis
1214 2331 1271 2388 arti

98 2425 232 2486 medicae
256 2438 324 2486 cunr
348 2424 533 2505 philosophia
558 2425 649 2486 inisse
674 2442 828 2505 conexum,
852 2421 930 2501 quod
955 2441 997 2502 ea,
1022 2442 1097 2501 qrrae
1121 2427 1270 2505 sapientes

97 2529 219 2584 ueteres
251 2523 420 2604 docuerint,
450 2525 538 2584 etiam
562 2522 745 2604 collectionis
768 2529 887 2582 nostrae
911 2528 1047 2581 auctores
1071 2523 1204 2601 protiteri
1227 2527 1270 2585 in·

97 2621 217 2682 terdum
250 2622 478 2702 animadvertes,
515 2640 574 2682 non
608 2618 770 2680 miraberis.
821 2621 941 2679 minime
975 2620 1095 2698 qrridem
1128 2621 1270 2683 aduersos

96 2720 228 2781 Cornelii
252 2721 329 2782 Celsi
354 2723 532 2800 sententiae,
556 2715 778 2799 ‘Hippocratem
803 2718 896 2779 Coum
919 2721 1048 2797 primum
1072 2738 1107 2778 ex
1131 2720 1269 2781 omnibus

96 2821 239 2879 memoria
263 2819 359 2899 dignis
383 2819 419 2880 ab
444 2818 541 2879 studio
566 2820 726 2898 sapientiae
746 2817 930 2896 disciplinam
946 2816 1088 2877 medicam
1104 2815 1268 2896 separasse’

94 2920 247 2978 censentis
270 2914 381 2978 ‘uirum
405 2925 434 2978 et
458 2925 521 2976 arte
545 2923 575 2976 et
598 2915 733 2976 facundia
756 2909 962 2995 instgrrem’2);
987 2915 1146 2977 tenendum
1170 2926 1268 2979 autem

93 3025 152 3095 est,
175 3017 253 3077 sicut
276 3025 356 3077 recte
381 3016 436 3076 hoc
460 3014 606 3075 iudicasse
630 3014 767 3075 sedulum
791 3023 941 3075 cestorum
964 3023 1129 3075 auctorem:
1159 3010 1267 3093 ‘primo
1315 3015 1318 3022 ’

93 3112 234 3174 medendi
258 3115 410 3174 scientiam
435 3114 594 3192 sapientiae
614 3119 728 3192 partem
746 3111 876 3173 habitam
895 3130 970 3192 esse,
995 3121 1027 3172 ut
1047 3122 1077 3173 et
1094 3112 1266 3174 morborum

92 3213 210 3272 curatio
226 3221 256 3272 et
269 3230 370 3272 rerum
386 3219 507 3272 naturae
519 3210 727 3290 contemplatio
738 3209 793 3270 sub
803 3209 909 3270 iisdem
919 3212 958 3271 sit
968 3210 1140 3271 arrctorihus
1155 3205 1266 3293 nata'3)

94 3311 166 3384 inde
194 3312 406 3392 perspiciatur,
434 3311 512 3388 quod
542 3317 571 3370 et
599 3310 730 3389 reliquos
759 3317 826 3369 ante
851 3308 1060 3388 Hippocratem
1085 3311 1137 3388 qui
1159 3309 1266 3369 ilortre·

95 3416 170 3468 runt
193 3406 383 3486 philosophos
408 3427 466 3467 non
490 3407 654 3486 neglexisse
679 3415 794 3467 constet
813 3406 849 3466 de
869 3414 937 3466 ortu
957 3399 1170 3486 conspositione
1189 3426 1266 3467 mor-

91 3505 142 3566 bis
166 3507 300 3585 corporis
323 3505 443 3566 humani
466 3508 664 3586 quaestiones
687 3513 717 3566 et
739 3503 933 3582 Empedocles
948 3507 1121 3565 tractauerit
1135 3500 1265 3588 ἰατρικὰ

93 3606 160 3665 siue
177 3607 300 3665 seorsim
316 3607 380 3665 siue
394 3607 425 3664 in
439 3603 569 3684 physicis
583 3604 745 3665 Pausaniae
760 3607 876 3665 medico
892 3603 1042 3684 dedicatis,
1058 3613 1087 3664 et
1097 3603 1265 3666 Democrito

92 3702 282 3764 ascribantur
323 3701 414 3763 libelli
458 3702 647 3762 medicinales
685 3705 715 3762 in
754 3701 885 3779 catalogo
918 3701 1088 3781 Laertiano,
1126 3701 1265 3780 Diogenis

299 3810 314 3868 l

169 3895 195 3961 1)
215 3892 379 3962 Nuperrime
393 3892 447 3946 hac
461 3893 568 3949 talione
582 3891 714 3962 progredi
727 3891 821 3961 coepit
838 3890 1136 3946 FPoschenrieder
1153 3891 1183 3945 in
1201 3907 1264 3960 pro-

94 3972 254 4044 grammate
277 3972 413 4028 Bavarico
438 3972 494 4042 (die
517 3973 712 4043 platoniscben
736 3971 847 4041 dialoge
870 3972 900 4025 in
918 3969 1008 4025 ihrem
1026 3971 1211 4026 verhbltnisse
1231 3990 1263 4025 au

91 4053 148 4108 den
166 4052 416 4123 hippolrralischen
435 4052 577 4108 schriflen.
601 4051 745 4108 Landshub
766 4055 854 4121 1882).

166 4136 193 4202 2)
212 4133 287 4188 Libr.
305 4133 317 4185 I
336 4149 459 4202 prooem.

168 4216 195 4282 3)
219 4211 259 4268 Cf.
282 4212 486 4283 JBernaysii
513 4214 672 4268 Heraclitea
699 4215 823 4283 (Bonnae
853 4215 932 4281 1848)
959 4230 986 4281 p.
1012 4216 1058 4266 19:
1093 4211 1134 4268 ‘et
1160 4214 1262 4284 Pytha-

96 4310 245 4364 goreorum
269 4295 299 4348 et
322 4292 458 4348 Heracliti
480 4294 598 4364 physica
620 4294 709 4348 mullo
733 4293 823 4362 magis
843 4310 927 4361 quam
945 4291 1115 4361 reliquorum
1142 4295 1263 4365 pbiloso-

91 4374 214 4445 phorum
241 4372 428 4429 adhibebatur
446 4373 570 4428 medicac
590 4374 644 4430 arii
663 4374 853 4430 excolendae'.
