2994 4898
687 226 896 288 ..40-

206 389 290 450 lucus
313 388 446 449 discendi
469 390 532 448 aeri
556 390 692 469 nutricio,
716 387 805 448 ardor
829 387 961 468 cultioni,
990 389 1098 468 quibus
1123 388 1264 450 accedere
1290 386 1387 448 debet

207 490 317 548 iustum
346 487 489 565 temporis
518 471 659 566 spatium,
692 505 750 565 quo
780 504 914 565 quaeque
943 486 977 546 ad
1009 495 1129 548 naturae
1163 487 1384 567 perfectionem

167 631 169 636 .
207 580 393 665 a'ngeantur'.
431 579 598 646 recur'ritur
621 587 652 645 in
676 582 811 664 opusculi
835 585 892 644 tine
916 583 951 644 ad
976 587 1153 664 imperitiam
1177 583 1384 662 castigandam

207 685 254 745 his
285 683 401 764 uerbiS,
429 682 539 764 dignis,
568 690 602 744 ut
630 686 748 764 opinor,
777 700 852 760 quae
877 681 1096 744 describantur:
1133 674 1153 763 ή
1183 675 1220 743 δέ
1248 671 1386 762 ἀπειρίη

206 774 307 856 κακὸς
335 772 509 863 θησαυρός
538 774 593 841 καὶ
620 771 725 841 κακὸν
754 772 926 860 κειμήλιον
953 788 1061 841 τοῖσιν
1095 779 1228 862 ἔχουσιν
1261 769 1384 858 αὐτήν,

207 875 262 947 καὶ
295 873 379 962 όυαρ
411 872 467 938 καὶ
498 870 602 959 ύπαρ,
637 869 800 959 εὐθυμίης
831 897 866 938 τε
897 873 952 937 καὶ
986 869 1198 958 εὐφροσύνης
1229 869 1385 957 ἄμοιρος,

208 978 333 1059 δειλίης
355 998 390 1039 τε
413 970 467 1038 καὶ
491 968 702 1090 θρασύτητος
724 969 862 1056 τιθήνη·
897 973 1002 1055 δειλίη
1022 969 1083 1057 μὲν
1108 967 1171 1058 γόιρ
1190 967 1385 1055 ἀδυναμίην

208 1075 377 1158 σημαίνει,
408 1066 580 1155 θρασύτης
604 1065 681 1134 dl’
664 1073 818 1155 ατεχνίην
843 1069 884 1155 (p
909 1071 974 1134 640
985 1068 1052 1157 sq)

298 1173 386 1233 Vides
414 1173 559 1250 integram
593 1191 647 1231 nos
680 1172 790 1233 habere
823 1172 1067 1251 scriptiunculam
1101 1172 1196 1233 tribus
1228 1170 1387 1252 particulis

209 1274 379 1356 perfectam.
419 1272 505 1330 cuius
524 1267 616 1330 uerba
636 1271 671 1330 ad
692 1269 816 1349 Gorgiae
837 1269 1004 1349 exemplum
1026 1273 1187 1350 composita
1207 1290 1271 1331 esse
1291 1289 1386 1349 supra

210 1372 358 1434 uidimus:
382 1387 532 1429 summum
560 1380 768 1447 argumentum
794 1371 868 1429 Pro
857 1375 1014 1444 αμονεανι
1034 1368 1198 1429 doctrinam
1222 1368 1387 1428 defendere

211 1473 341 1550 peritum
361 1468 509 1527 neminem
529 1466 631 1545 lugere
652 1465 748 1526 debet.
782 1469 891 1527 etenim
907 1485 981 1545 quae
999 1466 1114 1526 medico
1134 1466 1262 1546 postulat
1279 1459 1388 1545 νόμος

211 1561 341 1651 (φύσις,
376 1560 590 1646 διδδισκαλίη,
622 1555 724 1638 τόπος
756 1555 896 1645 εὐφυής,
928 1561 1152 1645 παιδομαθίη,
1181 1555 1387 1645 Ιφιλοπονίη,

211 1656 357 1747 χρόνος),
377 1663 423 1722 his
444 1660 544 1724 uerbis
563 1663 732 1743 professum
752 1679 817 1721 esse
837 1660 1007 1723 Abderitam
1022 1666 1204 1744 accepimus:
1228 1655 1388 1743 φύσεως

209 1757 275 1825 καὶ
298 1753 499 1841 ἀσκήσεως
523 1757 763 1820 διδασκαλία
791 1756 909 1821 δεῖται·
955 1755 1010 1821 καὶ
1034 1753 1099 1823 ἀπὸ
1124 1753 1309 1840 νεότητος
1342 1753 1388 1822 δὲ

209 1852 256 1944 ἀρ
267 1854 362 1940 ξαμί
369 1879 463 1932 νονς
479 1855 499 1918 δ
505 1865 565 1918 είν
580 1851 805 1938 μανθάνειν
816 1852 1247 1940 (Gram.rlnecd.Par.lp.lll;
1258 1860 1293 1919 cl.
1302 1858 1387 1921 Stob.

211 1959 289 2019 Flor.
309 1953 361 2038 29,
377 1954 432 2018 80:
452 1950 681 2038 Πρωταγόρας
699 1954 797 2037 ἔλεγε,
821 1949 927 2034 μηδὲν
946 1946 1032 2018 εἶναι
1055 1949 1135 2037 μήτε
1158 1951 1278 2037 τέχνην
1302 1949 1389 2018 όίυευ

211 2051 388 2137 μελέτης,
404 2046 484 2134 μήτε
503 2049 643 2135 μελέτην
662 2046 745 2116 ἄνευ
764 2048 887 2135 τέχνης.
916 2054 953 2114 cl.
969 2054 1046 2136 Frei,
1070 2057 1259 2133 quaestiones
1282 2054 1388 2114 Prota-

209 2173 315 2235 goreae
335 2173 362 2233 p.
386 2149 457 2214 169.
485 2150 559 2234 1893
583 2151 757 2233 Volkmann,
785 2150 915 2212 rhetorilr
941 2151 994 2215 der
1015 2151 1161 2212 Griechen
1187 2151 1248 2212 und
1274 2153 1389 2212 Romer

211 2273 238 2333 p.
269 2244 369 2334 18).1)
416 2252 557 2318 continuo
585 2267 743 2329 pergamus
767 2250 801 2311 ad
826 2249 935 2312 librum
958 2244 1033 2332 περὶ
1056 2245 1179 2331 τέχνης.
1227 2253 1312 2312 cuius
1336 2269 1389 2310 ex·
1434 2267 1439 2276 ·

212 2351 296 2411 ordio
325 2348 586 2428 reprehenduntur
614 2349 655 2422 el,
687 2341 792 2407 ‘artem
821 2351 872 2426 qui
899 2351 1095 2428 profiteantur
1124 2349 1237 2410 artibus
1267 2349 1389 2409 maledi—

211 2443 309 2510 cendi’
339 2441 424 2531 (είσί
449 2466 536 2519 τινες
560 2443 595 2506 οἳ
614 2438 734 2526 τέχνην
757 2444 952 2525 πεποίηνται
975 2438 1013 2508 τὸ
1035 2439 1093 2520 τὰς
1116 2442 1231 2528 τέχνας
1252 2444 1389 2528 αἰσχρο-

211 2541 319 2608 επέειυ
337 2566 365 2625 p.
386 2542 421 2625 2)
446 2547 495 2624 ita,
520 2553 553 2604 ut
577 2546 758 2624 torpentium
782 2544 970 2621 ingeniorum
995 2544 1121 2622 prodant
1142 2545 1296 2625 uilitatem,
1317 2564 1388 2606 cum

211 2663 308 2723 neque
334 2645 405 2704 noui
429 2641 591 2721 quidquam
616 2643 771 2702 inueniant
795 2660 891 2719 neque
915 2641 1123 2721 imperfectum
1148 2643 1182 2702 ad
1207 2644 1295 2702 finem
1319 2661 1388 2721 per-

209 2743 320 2804 ducant
352 2742 424 2821 ipsi,
457 2739 507 2800 sed
538 2738 699 2800 uerborum
731 2737 934 2816 improborum
963 2740 1095 2800 artificiis
1127 2759 1201 2818 quae
1231 2760 1246 2800 a
1279 2743 1389 2819 peritis

212 2843 334 2900 iuuenta
359 2840 418 2897 sint
437 2836 605 2898 obtrectent
625 2835 812 2896 audientibus
831 2838 987 2915 imperitis.
1020 2845 1109 2916 atque
1129 2847 1245 2898 ceterae
1265 2839 1389 2916 quidem

213 2946 292 2998 artes
312 2935 482 2997 uolentibus
505 2943 535 2996 et
555 2933 730 2996 callentibus
748 2935 964 3013 permittuntur
982 2933 1190 2997 uindicandae:
1214 2936 1389 2997 aduersatu-

212 3054 274 3096 ram
299 3037 342 3097 eis
367 3032 570 3094 tantummodo
595 3052 670 3112 quae
694 3041 837 3111 sequatur
861 3034 1024 3092 orationem
1049 3023 1081 3110 (ὁ
1106 3023 1238 3115 παρεόν
1261 3026 1390 3114 λόγος),

212 3137 243 3194 in
272 3142 367 3193 artem
396 3131 599 3192 medicinalem
629 3133 680 3210 qui
711 3130 865 3210 inuadant,
899 3130 1095 3190 confidentem
1126 3140 1250 3211 propter
1282 3150 1389 3190 eorum

215 3251 289 3310 quos
320 3233 471 3309 uituperet
499 3229 744 3308 imbecillitatem,
773 3227 942 3287 affluentem
970 3237 1094 3307 propter
1122 3231 1194 3289 artis
1222 3230 1271 3288 oui
1299 3245 1391 3307 opem

208 3330 290 3401 ,serat
309 3329 463 3406 uirtutem,
487 3325 525 3386 ob
545 3327 718 3436 sapientiam
739 3344 795 3404 qua
816 3328 927 3386 nitatur
946 3327 1096 3387 efficacem
1116 3318 1391 3442 (θρασυνόμενος

214 3418 275 3507 μέν
304 3416 360 3486 διὰ
388 3415 528 3497 τούτους
556 3411 615 3495 οὓς
643 3417 750 3502 ψέγει,
784 3412 954 3538 εόπορέφν
983 3415 1020 3484 δε
1047 3416 1103 3485 διὰ
1131 3417 1192 3504 τὴν
1220 3417 1343 3506 τέχνην
1365 3411 1390 3508 ᾖ

213 3524 349 3604 βοηθεῖ,
378 3513 566 3619 δυνόμενος
596 3512 633 3581 δέ
662 3512 717 3581 διὰ
746 3520 871 3632 σοφίην
899 3507 921 3604 ή
948 3517 1164 3584 πεπαίδευται
1191 3543 1219 3603 p.
1243 3517 1289 3606 2)
1335 3527 1391 3602 qui

285 3679 312 3745 1)
330 3674 369 3731 ef.
384 3674 578 3730 isocrates
569 3693 599 3728 m
614 3663 738 3731 oratione
758 3677 854 3730 contra
872 3676 950 3744 soph
969 3682 1013 3730 17:
1039 3673 1144 3730 δειν
1117 3697 1167 3732 τον
1175 3697 1233 3746 μεν
1253 3674 1391 3762 μαθητήν

212 3753 261 3811 τὸν
280 3775 333 3852 μεν
352 3751 457 3852 φύσιν
477 3753 552 3824 ἔχειν
567 3756 632 3809 οἵαν
647 3751 698 3825 χρὴ
717 3751 752 3810 τὰ
772 3753 824 3826 μὲν
844 3757 906 3823 εἴδη
925 3776 959 3808 τοι
979 3757 1034 3810 τῶν
1054 3754 1145 3826 λόγων
1160 3760 1302 3827 μαθειν,
1320 3748 1392 3827 περὶ

213 3835 245 3892 δε
257 3855 307 3898 τας
317 3853 426 3904 χρήσεις
441 3829 535 3889 αὐτόν
550 3835 810 3904 γυμνασθῆναις
820 3835 898 3904 περὶ
914 3831 1196 3900 όντιδόσεωςῙὸἵι
1207 3835 1391 3906 λέγομενγᾶρ

214 3913 251 3978 ὡς
269 3917 318 3970 δεῖ
331 3910 398 3976 τούς
417 3915 567 3982 μέλλοντας
586 3908 740 3969 διοίσειν
723 3935 740 3983 η
760 3915 823 3985 περὶ
842 3912 909 3979 τοὺς
926 3911 1062 3985 λόγους
1045 3938 1062 3986 η
1082 3919 1147 3987 περὶ
1165 3912 1216 3980 τός
1234 3912 1390 3986 πράξεις
1371 3940 1391 3989 η

213 3995 276 4063 περὶ
295 3989 346 4056 τὰς
364 3988 448 4055 ἄλλας
464 3989 595 4063 ἐργασίας
609 3994 720 4061 πρῶτον
734 3992 786 4062 μεν
800 3992 871 4065 πρὸς
885 4016 968 4051 τουτο
983 3995 1182 4067 πεφυκέναι
1197 3997 1297 4065 καλῶς,
1316 3995 1392 4064 πρὸς

154 4134 157 4139 ,
213 4069 289 4132 ‘dello
312 4071 502 4146 προῃρημένοι
521 4069 702 4142 τυγχάνωσιν,
724 4072 820 4128 ἔπειτα
840 4077 1113 4145 παιδευθῆναι.
1130 4073 1287 4146 ,τρίτον’
1274 4097 1390 4148 εντρι-

213 4159 286 4226 βεῐς
304 4153 440 4223 γενέσθαι
459 4158 514 4208 κτλ.
543 4184 574 4193 -
595 4151 681 4209 Prot.
702 4155 820 4210 Phaedr.
840 4157 938 4210 2691).
966 4154 1062 4226 είμέν
1082 4152 1261 4227 σοιδπαρχει
1280 4155 1391 4226 φύσει

213 4232 350 4306 ῥητορικῷ
376 4231 463 4300 εἶναι,
492 4231 548 4288 ἔσει
573 4230 664 4304 ῥήτωρ
692 4231 846 4305 ἐλλόγιμος,
873 4231 1038 4306 προσλαβόν
1067 4231 1257 4306 ἐπιστήμην
1283 4257 1313 4292 τε
1340 4239 1395 4293 καὶ

212 4312 367 4388 μελέτην.
