2994 4898
561 245 777 310 ..49-

165 408 314 469 Melissum
335 409 519 489 agnouimus
538 409 588 468 scd
610 407 681 469 aliae
701 411 803 469 insunt
821 410 926 469 aetatis
945 410 1126 488 originisque
1142 422 1246 490 σφρα-

76 504 174 586 γῖδες.
205 507 241 566 dc
257 507 409 568 nominum
424 525 551 585 namque
567 514 671 567 natura
685 525 760 585 quae
776 509 883 568 sentiat
897 519 1056 568 annectere
1071 510 1247 587 scriptorem

76 606 244 666 meministi.
263 607 408 684 protraxit
422 606 519 666 locum
532 615 665 668 nostrum
676 612 744 686 post
755 603 928 664 Lerschium
938 599 1247 687 (sprachpbilosophie

75 703 129 763 cler
152 703 229 763 alten
248 703 262 762 l
280 721 307 781 p.
322 697 380 782 30)
400 702 564 781 Lassalleus
584 700 645 783 (die
665 703 772 784 philos.-
789 702 975 764 Herakleitcs
994 703 1047 763 des
1067 703 1198 764 dunklen
1221 702 1248 761 ll

74 821 100 879 p.
122 795 201 884 394)
230 799 395 862 Heraclitea
423 820 458 862 eo
491 803 566 863 tradi
594 801 767 884 arbitratus:
798 799 959 880 Ephesium
980 803 1058 864 enim
1080 793 1179 880 φύσει
1195 820 1245 860 uo-

75 902 153 960 mina
164 909 232 963 nata
242 919 307 961 esse
318 899 408 960 rebus
419 901 605 981 iudicauisse,
617 899 755 980 eCratylc
765 899 916 960 Platonico
926 901 1114 979 potissimum
1123 897 1249 978 intelligi

76 992 107 1079 (l.
128 1018 153 1060 c.
177 998 204 1058 ll
226 1018 254 1078 p.
273 995 339 1059 362
355 991 441 1080 sqq).
483 1003 572 1078 atque
596 998 704 1077 Cratyli
728 1000 875 1059 sententia
899 992 950 1080 (cl.
974 1017 1002 1076 p.
1021 995 1134 1060 383A:
1158 997 1249 1075 Κρα-

75 1089 174 1169 τύλος
198 1086 395 1177 φησὶνὸδε,
420 1081 447 1156 oi
471 1089 663 1178 Σώκρατες,
688 1085 851 1176 ὀνόματος
875 1086 1153 1178 ὀρθότηταεῖνιιι
1178 1087 1247 1156 ἕνά-

75 1207 142 1278 erp
170 1192 238 1256 τῶν
267 1185 376 1256 ὄντων
406 1189 505 1274 φύσει
533 1201 721 1276 πεφυκυῖαν
745 1188 827 1277 κτλ.)
851 1213 921 1256 num
947 1213 979 1254 re
1003 1212 1074 1254 nera
1098 1193 1133 1254 ad
1158 1192 1248 1253 Hera·
1286 1248 1289 1256 .

76 1293 180 1354 clitum
209 1292 365 1354 referenda
394 1295 432 1353 sit
456 1302 607 1362 auctorem
634 1327 671 1336 -
699 1293 727 1354 id
752 1293 832 1372 quod
856 1312 872 1352 e
896 1292 1011 1370 dialogo
1037 1290 1155 1370 quidem
1180 1299 1248 1352 con·

75 1391 200 1452 clusisse
225 1391 345 1453 uidetur
369 1391 540 1453 Ammonius
566 1388 616 1474 (tle
640 1394 794 1470 interpret.
819 1388 886 1452 att
910 1390 986 1451 All:
1009 1387 1077 1452 τῶν
1100 1381 1249 1469 μὲνγὰρ

74 1535 146 1604 αἰεί,
175 1531 248 1590 οὕτω
283 1537 332 1590 κοιλ
355 1534 386 1591 τὸ
411 1534 541 1607 μέγαθος
564 1532 683 1605 ἄπειρον
707 1534 765 1589 αἰεὶ
789 1531 839 1603 χρὴ
866 1532 960 1603 εἶναι).
1004 1533 1115 1588 uberius
1141 1534 1175 1587 de
1199 1533 1251 1586 hac

75 1617 253 1685 cognatione,
273 1634 329 1684 qua
348 1634 411 1670 cum
430 1616 533 1671 Ionicis
552 1615 704 1685 iunguntur
723 1616 927 1685 quodammodo
947 1617 977 1669 et
994 1615 1123 1669 Melissus
1143 1616 1250 1684 etipse

74 1695 264 1766 Parmenides,
284 1697 412 1766 exposuit
426 1697 516 1751 Zeller
535 1697 571 1764 (1⁴
585 1715 612 1766 p.
629 1702 680 1750 150
691 1714 751 1765 sqq.
766 1701 818 1750 516
831 1713 891 1764 sqq.
905 1698 979 1764 556).
1008 1713 1125 1763 quorum
1140 1696 1176 1750 ad
1191 1713 1250 1749 sen-

74 1775 195 1830 tentiam
210 1777 429 1832 confirmandam
444 1778 523 1831 locus
537 1778 632 1832 noster
641 1775 910 1846 Pseudippocratcus
924 1775 1087 1830 testimonio
1102 1778 1152 1845 est,
1167 1775 1251 1853 digno

75 1857 242 1924 sane-quod
264 1857 384 1912 notetur.
427 1858 531 1910 etenim
554 1857 654 1918 misere
678 1859 856 1926 peccaturum
881 1856 965 1910 fuisse
991 1859 1132 1911 auctorem
1153 1859 1251 1911 contra
1304 1923 1309 1932 ἱ

74 1937 144 1990 artis
163 1935 274 2004 logicae
293 1936 382 2006 leges,
406 1936 529 2006 physicis
549 1936 694 1990 Melissum
713 1953 747 1989 ea
766 1953 848 2004 quam
868 1935 1043 1989 narrauimus
1063 1936 1171 1991 ratione
1191 1938 1252 1990 iun-

75 2020 198 2084 gentem,
218 2016 252 2070 de
273 2015 332 2069 eins
347 2016 475 2070 doctrina
493 2015 567 2070 idem
588 2016 641 2070 nisi
666 2016 797 2070 sensisset
811 2017 897 2083 atque
913 2015 1050 2069 Galerium
1065 2033 1128 2069 cum
1142 2016 1250 2071 Aristo·

74 2097 132 2150 tele
152 2094 270 2150 sensisse
290 2095 419 2163 uidimus,
434 2127 466 2134 —
483 2091 553 2164 ὕλην
573 2095 682 2150 scilicet
700 2113 756 2149 non
775 2095 906 2165 effugisse
922 2112 985 2148 eum
1001 2095 1071 2164 (siue
1086 2095 1170 2150 aliam
1185 2097 1251 2150 huic

74 2177 139 2230 uoci
163 2173 299 2246 praefers,
322 2174 359 2229 ab
385 2175 537 2230 Aristotele
561 2177 684 2245 primum
711 2176 883 2245 proprietate
912 2173 1081 2244 philosopha
1108 2176 1251 2246 donatae),

75 2258 156 2326 σῶμα
171 2251 208 2325 μὴ
226 2253 309 2323 ἔγειν,
323 2251 413 2326 πάχος
429 2253 466 2325 μὴ
482 2255 557 2325 ἔχειν
572 2257 674 2312 debere
689 2256 838 2310 essentiam
854 2256 957 2308 frustra
970 2256 1198 2323 pronuntiantem
1210 2289 1252 2324 -‚
1352 2320 1357 2325 .

74 2339 144 2406 quin
176 2341 208 2392 tu
240 2352 350 2390 mecum
378 2338 514 2407 approbes
543 2338 657 2392 minime
686 2336 792 2390 dubito.
844 2336 893 2388 sed
921 2337 1080 2389 accuratam
1113 2336 1251 2390 medicum

73 2419 203 2472 nostrum
221 2415 287 2470 libri
307 2416 429 2471 Melissei
448 2417 579 2472 habuisse
598 2416 789 2487 cognitionem
802 2433 837 2469 ne
852 2413 985 2468 audacius
1002 2431 1020 2468 a
1034 2432 1078 2468 me
1094 2416 1251 2470 coniectum

75 2514 138 2550 esse
168 2511 306 2565 opponas,
336 2496 509 2550 luculentum
536 2498 626 2550 restat
651 2501 683 2549 ut
711 2496 851 2564 proteram
880 2493 1083 2563 argumentum.
1125 2494 1252 2564 proximo

75 2577 171 2647 capite
191 2593 208 2630 a
227 2575 360 2644 sophistis
383 2577 419 2630 ad
447 2576 570 2630 medicos
589 2577 724 2630 transitus
742 2576 781 2627 fit.
818 2587 939 2643 qnorum
954 2575 1066 2643 placitis
1085 2575 1253 2630 enumeratis

74 2657 188 2710 initium
211 2655 245 2709 lit
267 2654 406 2709 refutandi
434 2655 581 2711 enuntiato
605 2657 670 2710 hoc:
696 2651 749 2723 ἐγὼ
774 2651 806 2708 δέ
826 2673 913 2724 φημι,
938 2653 966 2708 εἰ
980 2651 1014 2708 ἓν
1033 2645 1068 2723 ἦν
1088 2649 1252 2723 ὥνθρωπος,

76 2732 214 2790 οὐδέποτ’
232 2729 268 2788 ἀν
284 2731 392 2804 ἤλγεεν,
412 2732 478 2790 οὐδὲ
499 2734 552 2804 γάρ
567 2731 604 2790 ἀν
620 2728 653 2805 ἦν
669 2731 722 2803 ὑφ’
739 2731 804 2789 ὅσον
820 2730 970 2804 ἀλγήσειεν
982 2733 1016 2788 ἓν
1032 2731 1099 2788 ἐνόν·
1116 2735 1143 2790 ελ
1154 2732 1183 2792 δ’
1200 2729 1253 2791 οὖν

75 2817 126 2870 κοιλ
146 2811 303 2884 ἀλγήσειεν,
322 2810 434 2884 ἀνάγκη
454 2817 502 2869 καὶ
520 2815 551 2869 rb
573 2813 693 2885 ἰώμενον
710 2813 744 2869 ἓν
764 2813 852 2869 εἶναι·
872 2814 936 2868 νννλ
955 2815 987 2868 δὲ
1007 2814 1103 2869 πολλοὶ.
1138 2817 1250 2885 quibus·

77 2913 143 2950 cum
163 2894 344 2963 simulares,
364 2897 398 2950 de
418 2894 531 2949 Melisso
551 2913 622 2964 quoe
641 2898 789 2949 narrantur
808 2896 837 2948 in
856 2893 921 2948 libri
940 2895 1199 2951 Pseudaristotelici
1218 2898 1252 2951 de

75 2975 192 3029 Melisso
220 2973 393 3043 Xenophane
417 2973 521 3043 Gorgia
544 2975 694 3044 conscripti
717 2974 809 3044 capite
836 2976 940 3044 primo:
968 2974 1059 3044 (φησὶ)
1084 2977 1196 3031 τοιοῦτο
1220 2971 1253 3031 ἀν

76 3053 107 3109 τὰ
127 3053 161 3108 ’ὲν
181 3053 250 3124 (scil.
270 3050 415 3122 ἀκίνητον)
435 3050 586 3108 ἀνώᾶννόν
605 3073 634 3108 τε
654 3055 702 3108 καὶ
720 3051 919 3123 ἀνάλγητον
938 3050 1017 3122 ὑγιές
1035 3074 1065 3109 τε
1085 3055 1134 3109 καὶ
1147 3051 1252 3110 ἀνοοον

77 3132 163 3202 εἶναι,
178 3129 244 3188 οὔτε
261 3133 527 3204 μετακοσμούμενον
540 3130 631 3201 θέσει,
641 3130 706 3190 οὔτε
724 3133 937 3204 ἕτεροιοάμενον
953 3135 1024 3190 εἴδει
1039 3129 1103 3188 οὔτε
1119 3134 1253 3204 μιγνάμε·

76 3236 129 3269 νον
149 3210 222 3286 ἄλλῳ
242 3218 280 3284 (p.
297 3220 376 3269 974a
392 3217 444 3282 18),
464 3215 588 3268 animum
608 3216 746 3282 attendam
767 3213 975 3268 confirmabitur
989 3214 1118 3284 suspicio,
1139 3213 1252 3285 Simpli-

77 3296 153 3355 cium
173 3297 196 3349 si
215 3296 363 3363 euolueris,
383 3295 542 3364 scriptionis
557 3296 701 3351 Melisseae
715 3296 777 3364 ipsa
791 3295 838 3363 qui
852 3293 933 3348 nobis
949 3295 1073 3348 seruauit
1086 3295 1252 3365 fragmenta.

77 3377 228 3430 inuenerat
252 3377 346 3429 autem
371 3375 422 3429 sub
447 3375 512 3428 libri
530 3374 643 3428 initium
662 3376 743 3430 haec:
769 3371 839 3430 ἀλλὰ
863 3371 919 3443 μὴν
939 3373 966 3428 ελ
984 3373 1024 3444 ἓν,
1042 3375 1091 3428 καὶ
1109 3370 1252 3445 ἀκίνητον.
1313 3392 1316 3398 ·

76 3451 110 3510 τὸ
135 3450 188 3524 ’γὰρ
209 3453 244 3509 ἓν
268 3451 367 3525 ὁμοῖον
391 3453 447 3510 αἰεὶ
471 3450 579 3524 ἕωνιῷ·
608 3451 639 3509 τὸ
664 3454 695 3508 δὲ
720 3452 820 3524 ὁμοῖον
845 3449 907 3508 οὔτ’
933 3447 969 3507 ἀν
993 3450 1161 3511 ἀπολλύοιτο
1191 3453 1251 3511 οὔτ’

77 3529 116 3589 ἀν
135 3533 219 3605 μέζον
237 3538 344 3605 γίνοιτο
359 3532 423 3590 οὔτε
439 3534 658 3606 μετακοσμέοιιο
679 3530 764 3589 οὔτε,
778 3531 894 3602 ἀλγέει
914 3528 978 3588 οὔτε
998 3529 1121 3603 ἀνιῆται.
1155 3536 1183 3591 εἰ
1200 3535 1253 3610 γάρ

77 3636 106 3670 τι
128 3613 235 3670 τούτων
258 3611 373 3685 πάσγοι,
397 3609 450 3670 οὐκ
473 3609 509 3670 ἀν
531 3614 564 3670 ἓν
585 3617 629 3683 εἴη
649 3616 690 3683 (ir.
711 3620 728 3666 4
747 3633 772 3684 p.
794 3620 844 3668 103
857 3632 895 3682 sq.
917 3613 961 3682 D),
980 3631 1052 3682 quae
1071 3614 1144 3668 infra
1162 3615 1250 3670 fusius

77 3695 207 3765 exposita
221 3697 355 3750 extabant
373 3691 465 3763 (οὐδὲ
486 3691 616 3765 ἀλγέει·
637 3691 738 3764 οὐγὰρ
758 3689 794 3747 ἀν
813 3695 879 3748 «rev
896 3697 943 3763 εἴη
963 3690 1077 3762 ἀλγὲον·
1098 3691 1132 3748 οὐ
1147 3691 1201 3765 γὰρ
1216 3691 1253 3748 ἀν

78 3774 198 3829 δύναιτο
225 3773 297 3828 utel
323 3771 397 3829 εἶναι
421 3776 513 3844 χρῆμα
539 3770 641 3844 ἀλγέον
665 3769 733 3828 οὐδὲ
754 3772 811 3843 ἔχει
837 3775 912 3841 ἴσην
937 3771 1085 3843 δύναμιν
1108 3774 1145 3847 τῷ
1165 3769 1253 3842 ὑγιὲϊ·

78 3850 142 3908 οὔτ’
163 3849 200 3908 ἀν
213 3847 339 3923 ’ὁμοῖον
359 3855 402 3922 ἐἴη
422 3853 450 3908 ελ
467 3851 574 3922 ἀλγὲοι·
595 3848 803 3924 ἀπογινομένον
822 3849 877 3925 γάρ
896 3874 944 3923 ccv
963 3847 1000 3906 ἀν
1019 3847 1116 3922 ἀλγὲοι
1135 3849 1152 3922 ἦ
1171 3871 1253 3923 προσ-

78 3934 230 4004 γινομένον
255 3929 325 3988 acin
349 3928 385 3987 ἀν
410 3931 450 3988 l'cc
473 3929 572 4003 ὁμοῖον
593 3936 644 4003 sl'q.
674 3928 740 3988 οὐδ’
761 3927 797 3990 ἀν
816 3931 847 3989 τὸ
867 3929 965 4004 ὑγιὲς
984 3929 1103 4002 ἀλγῆσαι
1122 3933 1252 3989 δύναιτο

78 4010 138 4068 ἀπὸ
157 4010 211 4084 γὰρ
231 4007 267 4066 ἀν
292 4008 419 4068 ὀλλύοιτο
443 4011 474 4068 τὸ
496 4009 576 4084 ὑγιὲς
599 4014 647 4068 κοιλ
671 4012 702 4068 τὸ
728 4009 785 4082 ἐόν,
804 4010 835 4068 τὸ
856 4011 888 4068 tt
910 4008 962 4069 οὐκ
982 4008 1031 4067 ἐὸν
1049 4010 1169 4081 γένοιτο.
1206 4015 1254 4068 καὶ

78 4093 145 4162 περὶ
168 4094 218 4149 τοῦ
243 4087 382 4161 ἀνιησθοιι
406 4087 494 4156 ωὑτὸς
517 4090 600 4163 λόγος
617 4095 655 4168 τῷ
675 4089 804 4164 ἀλγέοντι
824 4095 857 4151 ir.
878 4101 910 4149 13
930 4113 956 4164 p.
979 4100 1029 4148 tta
1049 4093 1092 4162 D).
1121 4098 1255 4172 ‘apparet

77 4175 180 4244 igitur,
206 4174 241 4227 de
265 4174 329 4227 ente
353 4173 427 4241 quod
452 4173 627 4228 concluserat
650 4171 789 4241 Melissus,
809 4175 900 4230 dolori
918 4175 1052 4229 uidelicet
1071 4191 1127 4229 non
1145 4175 1175 4229 id
1194 4193 1254 4230 esse

78 4254 245 4322 obnoxium,
265 4253 441 4308 transtulisse
461 4254 727 4324 Pseudippocratem
747 4257 782 4310 ad
807 4256 977 4310 medicorum
1001 4253 1102 4323 quibus
1127 4257 1254 4310 maerea-

78 4335 165 4390 batur
182 4332 349 4404 principium
369 4333 490 4401 unicum,
509 4338 651 4405 petentem
671 4335 736 4390 inde
755 4335 938 4406 impugnandi
957 4352 1061 4389 ausam.

1024 4431 1040 4478 4
