2994 4898
720 262 939 326 -36-

220 423 405 504 dissensio,
428 425 463 484 ad
482 423 657 486 Ermerinsii
682 427 857 490 sententiam
885 426 1098 487 defendendam
1119 435 1325 506 argumentum
1348 427 1407 505 peti

245 523 356 600 nequit.
403 522 453 582 sed
478 533 598 583 utrem
623 525 785 605 tirmarein,
814 524 889 584 (linos
918 525 1100 585 collectionis
1124 515 1351 606 libellos‚,quos
1375 522 1407 582 ab

244 639 304 680 uno
323 630 444 682 auctore
464 624 617 684 conlectos
636 643 694 684 non
715 642 780 687 esse
800 631 964 703 constaret,
984 641 1071 702 qnam
1090 625 1174 702 potui
1194 623 1409 683 accuratissime

245 719 324 778 inter
347 738 378 780 se
403 739 574 800 comparare
599 722 733 801 decreui,
758 739 839 800 etrin,
863 720 898 781 ab
918 719 1096 799 Hippocrate
1116 723 1181 800 ipso
1201 721 1408 798 conscriptum,

129 895 132 904 .
245 816 293 875 cui
314 816 417 876 titulus
438 827 483 878 est
502 812 576 898 περὶ
596 809 705 898 ἀέρων
724 809 860 880 ὑδάτων
879 810 1006 897 τόπων,
1027 828 1057 878 et
1076 821 1212 898 spurium
1231 811 1307 897 περὶ
1325 813 1410 897 ἱερῆς

245 905 381 975 νούσου.
428 934 461 976 ac
486 935 571 997 sane,
598 925 632 976 ut
656 917 744 977 trium
773 915 891 977 illorum
917 916 1035 976 codices
1059 935 1206 978 consensu
1232 919 1348 994 ingrato
1370 916 1409 973 in·

244 1019 326 1070 certe
355 1012 533 1075 lluctuantes
563 1015 750 1092 inueneram‚
789 1046 830 1056 -
868 1014 924 1074 hoc
956 1014 1043 1075 modo
1076 1024 1110 1075 ut
1137 1014 1291 1076 Parisinus
1319 1007 1409 1090 2253,

246 1106 321 1166 liber
346 1109 430 1188 longe
455 1113 741 1190 praestantissimus,
765 1110 923 1173 dialectum
943 1114 1064 1172 minime
1084 1114 1229 1192 integram
1249 1111 1410 1192 praeberet,

244 1204 296 1265 sed
325 1206 401 1267 baud
434 1226 500 1268 raro
530 1218 723 1288 superaretur
747 1229 761 1270 a
787 1210 1000 1292 deterioribus,
1027 1244 1064 1254 —
1091 1213 1131 1270 ita
1156 1229 1193 1270 ne
1217 1210 1271 1269 bas
1297 1207 1408 1288 quidem

245 1306 422 1383 scriptiones
450 1305 537 1366 hodie
567 1305 706 1367 exhibere
734 1310 874 1386 perspexi
903 1307 1064 1368 iormarum
1095 1308 1301 1369 diuersitatem
1334 1311 1409 1365 nota·

244 1400 393 1484 biliorem;
427 1406 486 1464 nisi
520 1405 592 1465 baec
621 1407 759 1484 antiquae
787 1407 947 1466 memoriae
977 1405 1074 1465 eredis
1103 1407 1244 1485 uestigia,
1278 1402 1355 1484 quod
1382 1404 1409 1461 iu

243 1498 342 1559 libello
366 1503 533 1580 antiquiore
557 1502 667 1581 ubique
691 1502 817 1582 legimus
835 1494 901 1584 ἠήρ
922 1497 962 1586 (H
981 1523 1008 1583 p.
1023 1500 1074 1564 22.
1096 1501 1146 1564 24.
1167 1500 1218 1563 34.
1239 1500 1290 1564 60.
1311 1500 1352 1562 70
1366 1496 1408 1582 t),

242 1599 272 1656 in
293 1599 550 1680 pseudepigrapha
569 1591 636 1680 ἀήρ
654 1594 704 1683 (Vl
723 1621 751 1681 p.
768 1599 842 1663 372.
861 1599 937 1670 374..
954 1598 1020 1661 390
1034 1601 1092 1682 bis;
1112 1621 1139 1680 p.
1155 1597 1221 1661 394
1239 1592 1303 1681 ἠήρ
1323 1616 1409 1679 praua

243 1694 349 1756 Littrei
381 1684 569 1778 coniectura3
609 1697 700 1758 uerba
735 1694 772 1760 ἐν
804 1697 848 1782 τῷ
882 1691 974 1779 ἠέρι,
1012 1698 1205 1778 neglegenter
1241 1699 1364 1778 repetita
1395 1715 1408 1753 e

242 1793 462 1875 superioribus,
493 1795 681 1878 extirpanda,
704 1815 763 1857 non
796 1790 1005 1878 corrigenda)‚'
1026 1794 1164 1856 omnibus
1193 1795 1267 1856 locis
1291 1813 1408 1874 usurpa-

242 1901 305 1950 tum
329 1891 365 1952 ab
390 1892 540 1954 Herodoto
566 1887 617 1976 (ci.
641 1893 764 1954 Brednv.
789 1894 824 1954 de
849 1894 915 1954 dial.
939 1893 1007 1954 Her.
1032 1913 1059 1972 p.
1079 1887 1164 1976 126).

331 1989 434 2069 Neque
458 2010 531 2052 uero
556 1995 634 2052 siout
657 1993 769 2052 formae
793 1994 1013 2071 grammaticae,
1038 1993 1077 2051 ita
1103 1990 1247 2051 uocabula
1267 1993 1330 2070 ipsa
1350 1995 1408 2050 cor-

243 2096 330 2167 rupta
364 2097 448 2150 sunt:
481 2108 556 2168 quae
591 2108 649 2150 non
680 2092 743 2150 sine
777 2090 876 2150 iructu
904 2088 1097 2169 comparabis.
1149 2106 1208 2167 quo
1236 2091 1267 2147 in
1295 2089 1409 2167 negotio

243 2194 387 2265 occupato
415 2187 657 2248 molestissimum
690 2197 748 2267 est,
782 2186 861 2266 quod
895 2187 1000 2267 plenus
1033 2185 1171 2246 dictionis
1200 2185 1410 2264 Hippocrateae

242 2285 330 2346 index
359 2284 455 2345 adbuc
484 2285 685 2365 desideratur,
714 2304 781 2346 crim
811 2304 907 2365 neque
935 2285 1029 2364 ignoti
1058 2283 1143 2362 Angli
1172 2302 1247 2361 opus
1277 2275 1327 2365 (de
1357 2299 1411 2360 quo

242 2384 356 2460 inspice
378 2381 581 2462 Darembergii
605 2378 738 2449 ‘Notices
762 2373 791 2442 et
810 2379 952 2443 Extraits'
977 2402 1004 2462 p.
1023 2375 1100 2464 118)
1125 2400 1222 2460 neque
1241 2379 1409 2460 Petrequini

242 2473 293 2560 (ci.
322 2478 528 2558 RSeligmanu.
556 2483 586 2541 in
616 2480 753 2542 Bursiani
782 2491 847 2542 ann.
879 2477 963 2542 1879
998 2479 1039 2539 lll
1069 2498 1096 2558 p.
1121 2475 1186 2539 234
1209 2473 1297 2558 sqq)-
1317 2477 1409 2539 lucem

242 2577 387 2657 uiderint,
412 2579 452 2637 ita
475 2586 509 2637 nt
533 2578 698 2638 euoluenda
723 2580 761 2638 sit
785 2578 883 2639 Fodsii
903 2577 1081 2638 Oeconomia
1105 2575 1307 2656 Hippocratis,
1332 2593 1409 2654 egre·

242 2678 306 2754 giae
322 2673 474 2735 doctrinae
490 2685 728 2757 monumentum,
749 2676 800 2736 sed
818 2675 905 2736 hodie
921 2693 1066 2736 nouarum
1087 2674 1220 2752 indigum
1236 2665 1409 2753 curarum.¹)

242 2773 356 2834 collatis
371 2781 470 2833 autem
485 2773 591 2834 libellis
607 2772 723 2835 duobus
737 2772 888 2854 prioribus
903 2775 1019 2852 egregia
1035 2779 1157 2852 apparet
1171 2771 1325 2832 dissensio.
1349 2787 1410 2850 per·

243 2890 331 2932 curre
341 2869 464 2950 Legem:
479 2873 510 2932 in
526 2871 738 2950 scriptiuncula
753 2872 939 2950 breuissima,
949 2889 1007 2931 una
1022 2873 1126 2950 pagina
1142 2887 1229 2950 quam
1245 2868 1329 2928 facile
1345 2886 1410 2956 con·

243 2968 383 3049 cluseriS‚
408 2972 517 3048 septies
540 2973 677 3031 inuenies
700 2989 803 3032 rrecern
829 2971 864 3030 ab
885 2970 1050 3030 Atticorum
1070 2967 1285 3029 consuetudine
1309 2965 1410 3026 abhor-

243 3074 367 3127 rentem.
393 3073 463 3126 sunt
478 3068 616 3127 nimirum
632 3068 695 3148 hae,
711 3087 747 3128 ne
763 3068 972 3146 supersedeam
988 3067 1225 3127 enumeratione:
1240 3054 1411 3145 ἁμαρτάς

242 3163 279 3223 tv
299 3183 326 3243 p.
341 3160 405 3224 638
422 3160 458 3243 L,
475 3158 661 3225 'uocabulum
681 3174 714 3226 ut
737 3168 766 3225 in
787 3164 863 3224 libro
882 3159 957 3247 περὶ
977 3162 1105 3244 διαίτης
1124 3155 1227 3238 ὀξέων
1248 3171 1410 3240 quartoque

242 3261 463 3341 Epidemiarum
488 3264 525 3322 ita
551 3263 627 3341 apud
648 3262 830 3324 Herodotum
851 3263 1028 3341 aliquotiens
1053 3263 1183 3342 obuium,
1208 3260 1243 3320 de
1268 3278 1326 3338 quo
1347 3256 1411 3319 audi

243 3359 364 3420 Suidam
380 3377 401 3418 s.
417 3378 459 3420 u:
474 3349 638 3442 ἁμαρτίαν
654 3358 689 3422 oi
697 3352 839 3421 Ἀττικοί
843 3407 851 3440 ,
867 3353 1041 3442 ἁμαρτάδα
1052 3352 1234 3441 Ἡρόδοτος
1246 3350 1302 3418 καὶ
1317 3349 1410 3418 ἄλλοι

233 3448 362 3529 ’letiam
373 3473 469 3537 -τιρ
477 3449 495 3518 ό
503 3449 868 3538 anteponantur&
878 3457 1136 3520 auctoreMoeride
1148 3451 1189 3539 (p.
1199 3450 1411 3534 150Pierson)‚

244 3550 408 3634 ἐπιτίμιον
420 3545 584 3628 Ἀττικῶςτ
603 3590 638 3599 -
656 3555 781 3636 duent,
796 3557 874 3636 quod
890 3556 986 3617 locum
1002 3564 1138 3617 nostrum
1153 3556 1279 3615 alierens
1294 3556 1325 3613 in
1350 3571 1411 3613 ora-

244 3656 324 3713 tione
349 3670 437 3732 prosa
461 3671 519 3712 uon
544 3653 752 3715 obseruauisse
778 3673 842 3716 sese
867 3656 924 3715 nisi
948 3655 1025 3734 apud
1049 3654 1259 3734 Hippocratem
1286 3659 1412 3713 testatur

244 3748 437 3809 Lllindorsius
447 3751 478 3809 in
486 3748 652 3811 Thesauro:
670 3784 706 3794 -
722 3744 863 3833 πάγχυ,
879 3744 1073 3833 ἀτρεκέως
1087 3745 1171 3833 (bis),
1182 3771 1250 3831 μιν
1261 3748 1411 3811 uocabulis

242 3848 430 3908 lucratione
453 3864 542 3925 prosa
565 3848 730 3909 Atticorum
755 3851 867 3912 nullum
892 3869 957 3911 esse
980 3849 1093 3931 locum,
1117 3850 1315 3910 manifestum.

316 4029 342 4098 1)
363 4027 545 4084 ‘Oeconomia
558 4027 738 4098 Hippocratis
757 4030 902 4100 alphabeti
921 4031 991 4086 serie
1011 4030 1150 4098 distincta,
1170 4046 1239 4100 opus
1254 4046 1309 4085 non
1324 4030 1411 4084 solnm

229 4108 402 4178 tyronibus,
427 4106 476 4160 sed
499 4106 584 4162 etiam
609 4109 677 4162 artis
701 4108 867 4180 Apollineae
890 4110 1065 4180 mystagogia
1089 4112 1118 4164 et
1142 4112 1156 4164 e
1180 4111 1323 4180 superiore
1351 4111 1410 4163 loeo

242 4188 405 4243 docentibus
437 4186 522 4256 longe
553 4185 746 4242 utilissimnm’
781 4193 941 4246 absolutum
973 4208 1046 4246 anno
1080 4195 1164 4257 1687,
1202 4190 1279 4245 cuius
1312 4205 1411 4243 nouam

243 4269 395 4322 editionem
414 4266 544 4336 promisit
562 4266 759 4338 Ermerinsius,
784 4273 867 4327 ualde
887 4271 1086 4341 exoptandam,
1111 4269 1212 4323 Littrei
1236 4270 1310 4324 enim
1328 4269 1410 4322 index

242 4345 452 4416 Francogalliee
473 4346 643 4415 compositus
663 4352 707 4403 est
725 4353 881 4407 uersiouem
901 4355 1038 4421 spectans.
