2994 4898
597 254 814 318 ,39-

206 412 309 494 p.:18
332 408 388 475 καὶ
407 412 444 478 ἐν
463 423 571 477 τοῖσιν
594 407 806 498 ἅσώριιοισι
829 409 966 552 τοιαύτη
985 416 1181 499 ἔνεστιν,
1153 415 1207 499 οίη
1231 413 1286 481 καὶ

4 513 5 516 ’
113 508 153 574 ἐν
177 434 287 576 copim
310 504 552 594 εὐσώριιοισι.

163 632 234 692 p.
253 610 310 674 20:
339 603 425 693 μετὰ
443 611 598 685 πλείονος
626 606 774 694 μὲνγὰρ
797 607 922 677 πόνου
949 606 1005 678 καὶ
1033 608 1075 678 οὐ
1097 638 1156 698 μετ
1161 603 1288 682 ’stuc

4 755 6 790 .
112 682 217 786 σουος
235 703 392 793 χρόνου.

205 829 233 890 p.
252 807 308 872 24·
335 803 391 870 καὶ
414 803 636 892 πνεύματος
658 807 813 892 ταχυτῆτι
840 805 895 872 καὶ
919 779 1100 944 βραδυτῆτι
1123 809 1179 876 καὶ
1203 812 1287 897 ῥ

3 931 5 954 ι
112 901 301 988 μάτων..

206 1006 271 1077 Quo
296 1009 364 1067 luco
389 1025 514 1085 prorsus
538 1009 601 1068 lere
625 1007 718 1068 libera
742 1027 811 1069 cum
831 1011 870 1069 sit
887 1000 1001 1089 uepl’
981 1009 1122 1090 αρχαίης
1141 1009 1289 1091 ἰητρικῆς

3 1101 5 1174 l
81 1133 86 1144 ·
113 1107 255 1185 scriptio,
279 1107 315 1166 ¹in
340 1123 398 1183 qua
422 1124 489 1166 raro
518 1114 776 1186 contraponuntur
805 1108 957 1167 enuntiata
985 1099 1037 1188 (cl.
1060 1107 1073 1166 Ι
1096 1127 1123 1187 p.
1143 1105 1222 1170 578:
1249 1094 1288 1189 ἧς

112 1194 179 1282 γὰρ
202 1199 319 1283 μηδείς
342 1199 432 1264 ἐστιν
456 1195 605 1282 ἰδιώτης,
626 1196 631 1285 Ι
652 1192 735 1264 ἀλλὰ
763 1195 883 1277 πάντες
907 1197 1137 1285 ἐπιστήμονες;
1161 1225 1189 1285 p.
1209 1203 1288 1320 583:

100 1289 153 1382 ‘eti
178 1293 240 1380 μὲν
262 1293 376 1385 νούσῳ
399 1294 509 1382 coemi
537 1321 571 1363 τε
594 1294 660 1361 καὶ,
677 1293 814 1381 αὔξησις
840 1294 1040 1382 pentpevov,
1061 1297 1066 1386 Ι
1086 1301 1131 1388 '93
1160 1297 1197 1366 ‘ll
1225 1317 1272 1367 σω

113 1417 192 1478 pact
215 1395 335 1477 φθίσις
357 1417 391 1458 τε
419 1392 474 1458 καὶ
502 1389 685 1480 eppesteim
717 1418 746 1478 p.
770 1394 848 1461 588:
881 1393 1010 1480 ἑτεροῖα
1037 1392 1099 1480 μὲν
1125 1398 1193 1462 τών
1221 1394 1286 1464 ἀπὸ

2 1561 3 1572 η
113 1488 318 1577 πληρώσιος,
339 1487 343 1578 l
365 1486 426 1576 οὐχ
446 1480 553 1575 ἧσσον
567 1489 605 1558 δὲ
619 1488 687 1577 ἅμα
702 1487 797 1557 δεινὰ
809 1490 865 1557 καὶ
883 1486 949 1557 ἀπὸ
968 1489 1142 1573 ιιουώσιοςς
1166 1517 1194 1578 p.
1209 1497 1289 1562 624:

113 1585 150 1654 τὸ
179 1585 241 1672 μὲν
270 1593 380 1652 αἴτιον
409 1583 628 1672 ἀγνοεῦντας,
650 1587 654 1676 Ι
674 1583 712 1654 τὸ
742 1586 779 1654 dl
808 1586 1068 1676 ξυμφορώτατον
1167 1585 1288 1675 ἀφανί-

91 1684 268 1772 σαντας),
290 1707 358 1750 rero
382 1688 544 1750 uerborum
569 1689 681 1752 luditur
709 1709 787 1753 uano
807 1693 934 1770 strepitu
964 1684 1017 1773 (ef.
1039 1711 1067 1770 p.
1091 1689 1170 1754 572:
1194 1689 1287 1755 νοσέ-

2 1795 3 1800 ’
113 1786 194 1849 ουσί
213 1807 249 1848 τε
272 1781 327 1848 καὶ
350 1781 547 1864 πονέουσιυ;
576 1808 603 1868 p.
628 1785 708 1850 596:
731 1781 894 1870 ἐγγύτατα
917 1783 956 1851 dt
979 1787 1040 1851 τοῦ
1063 1780 1287 1866 ἀσθενέοντός

1 1875 2 1956 J
113 1882 205 1947 ἐστιν
229 1876 247 1947 ὃ
272 1876 448 1970 ἀσθενής),
477 1886 533 1946 hoc
563 1889 620 1946 iarn
645 1889 789 1965 consequi
813 1886 932 1948 uidetur
960 1906 996 1948 ex
1021 1890 1064 1948 eis
1088 1905 1163 1967 qnae
1186 1889 1286 1969 dispu-

1 1999 2 2028 t
112 1985 257 2066 lauimus,
290 1987 352 2044 tria
387 1989 533 2061 opuscula
566 1985 605 2073 ob
636 1986 825 2046 Ermerinsr'o
856 1987 1045 2058 confidenter
1076 1989 1286 2062 conglutinata

112 2084 211 2143 tribus
230 2084 410 2146 auctoribus
428 2101 492 2144 esse
511 2084 683 2156 reddenda,
706 2099 834 2157 quorem
853 2086 883 2143 ei
899 2085 954 2158 qui
970 2074 1096 2163 νόμον
1115 2102 1285 2162 composue-

111 2188 186 2241 runt
218 2187 248 2242 et
278 2173 367 2260 περὶ
398 2175 539 2260 τέχνης
571 2179 703 2242 libellum
734 2182 939 2256 sophistarum
970 2182 1135 2242 utebantur
1163 2184 1288 2244 dicendi

1 2345 2 2370 ,
110 2281 262 2351 artificiis.

201 2376 380 2437 Decidemus
402 2383 502 2437 autem
526 2392 599 2456 eam,
622 2377 653 2435 'nr
677 2393 735 2453 qna
760 2393 929 2458 uersamur,
958 2379 1164 2455 quaestionem
1192 2380 1284 2457 scrip-

1 2487 2 2562 t
111 2478 226 2536 tionum
260 2481 444 2551 argumenta
484 2473 713 2552 perpendentes.
755 2483 947 2554 repraesento
980 2476 1138 2553 imaginem
1165 2477 1284 2558 eorum,

110 2593 187 2654 quae
221 2573 301 2652 Lege
334 2573 534 2633 continentur.
580 2572 717 2649 queritur
754 2579 857 2632 auctor
894 2573 967 2632 artis
1005 2572 1136 2633 medicae
1172 2575 1284 2636 ruinas.

109 2681 270 2752 propterca
299 2671 392 2751 enim,
421 2671 490 2748 quia
518 2670 684 2730 antistitum
712 2671 777 2731 eins
807 2671 923 2750 stupori
951 2669 1030 2731 nulla
1052 2672 1084 2730 in
1112 2671 1284 2732 ciuitatibus

110 2789 205 2850 poena
221 2769 383 2830 constituta
403 2770 450 2848 sit,
474 2769 533 2828 nisi
550 2768 720 2848 ignominia,
740 2769 872 2829 extitisse
891 2767 1000 2828 multos
1020 2769 1109 2828 mutis
1127 2769 1158 2828 in
1178 2786 1284 2829 scaena

109 2870 248 2947 personis
276 2864 505 2947 comparabiles,
537 2866 716 2926 histrionum
745 2873 882 2926 ornatum
910 2865 1100 2946 iactantibus,
1134 2884 1193 2926 non
1221 2875 1283 2928 arte
1329 2880 1332 2886 ’

110 2965 232 3026 imbutis
255 2955 465 3046 (ὁμοιότατοι
483 2956 548 3045 γάρ
567 2959 652 3024 εἰσιν
672 2958 708 3023 ol
723 2959 848 3024 τοιοίδε
865 2969 953 3023 τοῖσι
970 2957 1284 3045 παρεισαγομένοισι

1 3091 2 3124 t
109 3053 341 3144 προσώποισιν
364 3058 401 3124 ἐν
428 3059 503 3144 τῇσι
526 3058 763 3146 τραγῳδίησιυ·
798 3051 843 3134 ώς
866 3052 929 3143 γὰρ
954 3056 1075 3122 ἐκεῖνοι
1094 3060 1203 3143 σχῆμα
1222 3055 1284 3142 μὲν

1 3193 2 3204 .
109 3153 166 3221 καὶ
199 3151 324 3240 στολὴν
356 3153 411 3221 καὶ
443 3152 625 3242 πρόσωπον
657 3150 840 3240 ὑποκριτοῦ
873 3157 1023 3239 ἔχουσιν,
1056 3149 1118 3220 οὐκ
1142 3153 1214 3238 Ιεἰσὶ
1246 3153 1283 3221 δὲ

108 3251 303 3340 ὑποκριταί,
328 3249 416 3319 οὕτω
439 3250 495 3318 καὶ
519 3249 627 3338 ἰητροὶ
650 3249 744 3339 φήμη
768 3249 829 3337 μὲν
852 3255 985 3336 πολλοί,
1005 3255 1090 3341 ἔργςο
1114 3250 1151 3318 dl
1174 3250 1284 3339 πάγχυ

1 3371 2 3418 ᾗ
109 3355 206 3436 βαιοί
226 3354 263 3414 IV
287 3373 314 3434 p.
339 3349 433 3437 638).
462 3359 511 3416 cni
535 3357 721 3416 tristissimae
744 3357 817 3416 artis
841 3354 1008 3415 condicioni
1035 3354 1178 3416 medelam
1202 3357 1285 3431 adiri,

1 3445 2 3462 ¹
110 3456 182 3516 bere
212 3455 336 3515 studens
365 3463 532 3533 compotem
560 3472 626 3514 esse
650 3453 760 3514 debere
784 3469 886 3512 rernm
910 3471 962 3513 sex
990 3452 1078 3514 docet
1101 3453 1282 3532 magistellos

110 3562 214 3615 noster
239 3571 321 3634 eum,
346 3554 453 3633 quire
478 3551 653 3612 medicinam
676 3551 869 3634 professurus
893 3552 944 3613 sit:
973 3553 1084 3630 ingenii
1108 3551 1143 3611 ad
1167 3551 1281 3612 discen·

109 3653 181 3713 dum
205 3651 320 3733 idonei,
344 3669 403 3732 qno
427 3657 611 3730 repugnante
636 3651 720 3710 irrita
743 3651 803 3709 sint
821 3650 924 3712 omitia
947 3640 1084 3730 (φύσιος
1107 3641 1170 3731 γὰρ
1194 3639 1282 3710 ἀντι-

108 3741 325 3832 πρησσοώσης
347 3740 444 3810 κενεὰ
468 3739 603 3830 πάντα),
627 3747 809 3827 diseiplinae,
831 3747 889 3808 loci
912 3746 1018 3807 studiis
1042 3747 1175 3828 secundi,
1197 3749 1280 3810 insti·

110 3849 234 3909 tutionis
267 3847 336 3908 inde
364 3866 380 3909 a
408 3848 502 3926 prima
535 3852 643 3927 aetate,
675 3844 851 3926 industriae,
884 3846 1033 3924 temporis.
1081 3844 1188 3924 quibus
1221 3865 1281 3906 non

109 3945 269 4007 admodum
296 3941 391 4022 logice
420 3943 600 4003 enumeratis
629 3945 774 4021 poetieam
806 3944 938 4004 annectit
967 3945 1136 4022 imaginem.
1184 3937 1281 4022 ‘quale

108 4039 202 4107 enim'
217 4043 317 4120 inquit
331 4037 446 4101 ‘eortrm
465 4059 540 4118 quae
560 4048 643 4102 terra
661 4043 888 4121 progignunlur,
907 4041 1108 4121 spectaculum
1128 4035 1280 4124 (θεωρίη,

108 4145 147 4205 cl.
173 4140 277 4203 Aesch.
302 4137 398 4200 Prom.
423 4135 498 4219 800,
526 4137 781 4217 Trendelenbnrg.
805 4138 888 4198 elem.
911 4138 967 4217 log.
991 4138 1080 4199 Arist.
1102 4157 1131 4216 p.
1155 4136 1197 4200 82
1212 4134 1280 4223 τη),

1 4251 2 4266 ’
108 4239 178 4302 talis
201 4237 366 4300 medicinae
385 4238 543 4318 institutio,
566 4238 591 4296 sl
611 4236 731 4315 quidem
749 4235 876 4297 humana
896 4245 1000 4298 natura
1018 4254 1090 4314 egro
1110 4237 1280 4317 consimilis,

107 4345 268 4421 praecepta
283 4335 454 4397 docentium
469 4333 642 4417 seminibus,
660 4335 807 4396 institutio
827 4343 940 4396 mature
960 4335 1067 4395 sationi
1086 4342 1279 4417 opportunae,
