2936 4902
576 253 793 316 ..25-

95 428 156 488 σας
172 460 203 476 ..
223 408 289 496 (8),
317 409 372 475 καί
396 407 446 476 ὅτι
470 411 548 496 μέν,
578 414 608 476 εἰ
630 411 716 500 λόγῳ
741 413 895 498 ἐπείσθη,
929 409 990 478 οὐκ
1013 408 1172 497 ἠδίκησεν
1196 409 1267 478 ἀλλ’

94 505 272 595 ἠτύχησεν,
296 515 460 593 είρηται
484 505 545 594 την
569 507 606 574 δὲ
629 507 787 595 τετάρτην
811 514 921 601 αἰτίαν
945 514 990 602 τῷ
1014 509 1157 602 τετάρτῳ
1181 509 1270 602 λόγῳ

96 607 270 691 διέξειμι
294 607 373 693 (15),
397 613 505 673 iterum
530 613 737 692 complectitur
761 615 790 674 in
815 614 938 694 epilogo.
981 615 1082 676 eadem
1106 617 1270 694 perspicui·

97 720 158 772 tate
189 709 353 770 Palamedis
388 711 534 794 apologia,
567 712 669 772 eadem
692 711 894 792 Agathonis
886 731 916 773 rn
941 712 1085 775 Conuiuia
1119 713 1269 774 Platonico

95 811 215 871 Amoris
238 804 442 904 lauda9o(cl.
423 809 558 892 l‚Blass
587 811 711 872 attisehe
735 811 954 872 heredsamheit
975 813 1033 890 lp.
1051 806 1117 895 77),
1141 831 1197 891 qua
1222 831 1271 873 ur-

95 909 174 970 bane
193 909 268 970 hanc
287 895 435 1027 partiendi
463 909 707 970 consuetudinem
728 912 822 989 carpit
841 909 936 972 Plato:
959 901 1037 993 (έγιδ
1063 903 1099 972 δε
1129 902 1171 991 δν)
1190 903 1270 990 βοό-

95 1009 198 1088 λομαι
229 1003 363 1088 πρῶτον
395 1029 456 1088 μιν
489 1005 595 1068 εἰπειν
627 997 671 1080 ὡς
703 1001 765 1089 χρή
794 1028 833 1088 με
866 1007 985 1089 εἰπεῖν,
1023 1006 1132 1071 ἔπειτα
1165 1007 1271 1071 εἰπεῖν

94 1127 124 1186 p.
153 1102 215 1165 194
231 1104 264 1188 Ε,
287 1096 375 1168 οὕτω
413 1099 454 1186 δὴ
487 1097 546 1168 τόν
570 1097 701 1187 Ἔρωτα
733 1101 787 1168 καὶ
820 1098 906 1189 ἡμᾶς
936 1105 1067 1170 δίκαιον
1101 1102 1270 1172 ἐπαινέσαι

93 1200 231 1285 πρῶτον
255 1194 360 1265 αὐτόν
383 1192 493 1278 οἷός’
477 1217 577 1281 εστιν,
601 1203 710 1266 ἔπειτα
734 1197 792 1278 τὰς
815 1198 925 1279 δόσεις
948 1224 976 1284 p.
1002 1203 1065 1268 195
1080 1200 1128 1288 Α).

188 1302 344 1364 Ιιιιιοιιίῑιιι
377 1312 532 1382 praeterea
560 1304 590 1364 in
619 1303 695 1363 libro
722 1303 992 1383 Pseudippocrateo
1021 1307 1156 1385 poeticus
1180 1308 1270 1366 iuter-

93 1402 168 1461 dum
193 1400 310 1461 dicendi
334 1401 426 1480 color,
451 1403 603 1462 inponitur
622 1403 749 1481 denique
765 1403 948 1465 schematum
964 1403 1179 1483 Gorgianorum
1195 1424 1270 1484 quae

91 1503 239 1561 dicuntur
263 1502 347 1578 copia
372 1502 504 1561 maxima.
536 1508 635 1582 atque
648 1510 762 1580 poetam
788 1501 906 1580 quidem
931 1501 1038 1563 docent
1061 1502 1141 1563 talia:
1166 1493 1270 1613 <ipso
1357 1489 1358 1494 ἵ

90 1591 161 1679 γὰρ
196 1589 361 1680 ἰητρός..
378 1588 459 1658 ,ἐπ’
494 1589 686 1711 άλλοτρίησι
708 1595 948 1711 ξυμφορησιν
963 1598 1050 1674 ἰδίας
1086 1598 1270 1681 καρποῦται

90 1691 203 1772 λυπας
225 1716 253 1776 p
273 1693 329 1783 90,
359 1693 440 1756 πᾶσι
468 1688 532 1777 γὰρ
557 1688 727 1758 τούτοισιν
751 1689 908 1778 άντικρυς
932 1691 1072 1818 ἰητρικὴ
1085 1691 1270 1781 εὑρίσκεται

89 1787 269 1877 ακεστορις
286 1815 343 1876 p
330 1785 417 1876 90,‘
406 1785 486 1856 όταν
506 1779 569 1854 οὖν
588 1787 730 1868 πολὺς’
711 1787 775 1877 clyp
795 1789 936 1879 ι’σχνρδν
954 1791 993 1860 τὸ
1013 1795 1119 1880 ῥεῦμα
1137 1791 1271 1880 ποιήση,

88 1887 134 1955 τά
166 1913 200 1954 τε
225 1887 365 1975 δένδρεα
389 1884 584 1954 άνασπαστὰ
608 1885 770 2011 πρόρριζα
793 1893 920 1974 γίνεται
943 1888 1057 1958 διδι
1023 1918 1085 1977 την
1107 1895 1187 1976 βίην
1209 1893 1270 1958 τοῦ

88 1984 283 2108 πνεύματος
313 1983 352 2052 τό
379 2010 414 2052 τε
441 1985 583 2070 πέλαγος
610 1990 804 2070 κυμαίνεται
833 1983 971 2068 ὁλκάδες
999 2015 1033 2056 τε
1062 1986 1192 2075 άπειροι
1224 1991 1269 2079 τῷ

87 2084 269 2172 μεγέθει’
253 2109 285 2160 ες
308 2079 393 2164 udor
412 2086 682 2170 διαρριπτεῦνται
706 2108 733 2168 p.
749 2087 801 2171 94,
823 2081 861 2151 τό
881 2078 962 2205 αἷμα
981 2084 1191 2172 φοβεόμενον
1210 2110 1272 2170 την

86 2186 287 2271 παρεοῦσαν
310 2185 435 2269 φρίκην
459 2182 672 2301 ξυντρέχειμ,
690 2185 762 2269 100,
784 2180 929 2262 κολάς’
911 2210 1021 2271 αηρ..
1036 2183 1271 2270 ,ἐξεμόχλευσε

86 2333 121 2350 ..
146 2279 184 2348 τὸ
210 2278 316 2366 στόμα
340 2305 368 2364 p.
390 2275 500 2365 102,
485 2277 608 2346 οκόταν
631 2281 786 2365 γοῦν...
806 2283 1091 2370 χαραδρωθέωσιν
1116 2285 1150 2349 οἱ
1171 2280 1270 2370 πόροι

87 2406 121 2465 p.
145 2381 239 2456 106.Ι
264 2403 362 2444 sermo
386 2385 506 2443 omnino
530 2383 728 2466 rhythmicae,
756 2385 828 2445 adeo
852 2385 929 2445 haud
954 2403 1021 2445 raro
1046 2403 1152 2446 uersus
1176 2404 1269 2464 paene

87 2468 271 2544 exciderunt
303 2484 455 2562 scriptori,
493 2483 618 2542 maxime
656 2485 686 2542 in
719 2484 881 2562 prooemio.
926 2482 994 2543 audi
1027 2480 1150 2543 iambica
1184 2483 1270 2545 haec:

87 2576 210 2664 εἰσίίν)
234 2600 321 2653 τινες
343 2577 410 2642 τόν
434 2573 575 2658 τεχνέων
599 2578 636 2640 αἳ
657 2587 743 2642 τοῖσι
767 2572 828 2659 μὲν
853 2627 881 2642 ..
904 2573 960 2641 καί
983 2587 1071 2641 τοίσι
1094 2575 1154 2661 μέν
1179 2575 1270 2643 ἰδιά-

86 2673 220 2762 τησιίν)
256 2668 357 2752 ξυνὸν
389 2668 537 2756 άγαθόν;
570 2674 638 2738 τῶν
671 2670 713 2759 δὴ
745 2673 924 2740 τοιουτέων
957 2672 1026 2742 ἐστὶ
1049 2675 1191 2759 τεχνέων
1214 2675 1270 2741 καὶ

86 2769 188 2858 ἣν..;
210 2767 273 2858 ὁρῇ
292 2795 325 2837 τε
345 2767 451 2855 δεινά,
470 2773 626 2856 θιγγάνει
645 2767 673 2837 τ’
694 2768 873 2860 άηδέωνῙ);
891 2769 1012 2856 ταύτης
1031 2769 1068 2838 δέ
1083 2775 1140 2858 τῆς
1154 2773 1269 2859 τέχνης

86 2869 132 2937 τά
167 2867 229 2955 μέν
263 2866 398 2956 φλαυρόι
429 2867 588 2955 χαλεπόν;
625 2868 681 2936 καὶ
710 2866 752 2936 οὐ
779 2883 888 2937 τοῖσιν
920 2869 1107 2959 ἰδιότησιν·
1141 2867 1182 2937 οὐ
1205 2869 1269 2958 γάρ

88 2966 248 3053 σώματος
266 3017 296 3034 ..
319 2990 347 3050 p.
366 2968 422 3052 903
446 2965 501 3032 καὶ
524 2965 683 3052 σταγόνες
706 2963 951 3038 ἀποπίπτουσιν
975 2965 1038 3036 άπὸ
1063 2971 1130 3036 τῶν
1154 2969 1267 3055 πωμά-

86 3093 161 3133 των
185 3090 212 3149 p.
236 3067 312 3150 1023
344 3061 479 3130 πάντων
507 3071 511 3143 Ι
541 3061 605 3151 γάρ
629 3065 884 3134 τῶντοιούτων
916 3071 1004 3153 αἰτίη
1039 3070 1100 3134 τοῦ
1123 3067 1268 3154 πνεύμα-

86 3189 148 3241 τος
170 3158 215 3249 1η
240 3158 422 3241 διόδενσις;
447 3163 629 3242 διεξιοῦσαι
652 3162 731 3243 τοὺς
753 3162 879 3252 πόρους
897 3168 958 3233 τοῦ
977 3164 1129 3251 σώματος
1147 3191 1174 3251 p.
1198 3170 1268 3234 108.

88 3267 264 3326 annectitur
283 3264 453 3326 trochaicus
472 3268 625 3327 trimetros
645 3268 833 3329 catalecticus
852 3271 978 3350 senario,
1001 3271 1041 3329 ita
1061 3265 1094 3330 ut
1113 3269 1268 3349 rhythmus

90 3363 284 3443 tranquillior
309 3366 410 3424 sensui
434 3364 510 3425 bene
534 3367 706 3445 conueniat,
730 3385 757 3445 p.
780 3365 856 3428 104:
889 3361 1053 3449 διέρχεται
1076 3359 1113 3429 τό
1137 3365 1268 3448 πνεῦμα

90 3454 152 3524 διὰ
186 3458 247 3522 τοῦ
280 3453 432 3540 στόματος
461 3456 465 3543 Ι
496 3453 579 3524 ὥστε
611 3455 743 3524 παῦλάν
775 3484 850 3524 τινα
872 3461 1032 3543 γενέσθαι
1054 3463 1123 3527 τόν
1145 3457 1270 3528 πόνων.

169 3635 193 3701 1)
210 3611 300 3700 Quid?
309 3633 394 3725 quod·
403 3635 473 3689 haec
488 3636 574 3690 uerba
588 3637 663 3705 apud
672 3635 823 3690 Eusebium
834 3637 1012 3708 exscriptam
1023 3636 1147 3693 oratioue
1157 3638 1269 3692 Paulini

85 3714 242 3785 Tyriorum
271 3713 409 3786 episcopi,
437 3714 472 3768 de
505 3715 615 3770 Christo
639 3717 800 3771 disserentis
824 3717 906 3787 (Hist.
931 3719 1028 3774 eccles.
1053 3719 1118 3772 Χ4
1102 3721 1141 3787 4)
1166 3720 1234 3787 poet
1235 3735 1268 3772 ae

85 3795 205 3850 cuidam
233 3793 342 3864 tragico
369 3797 412 3850 att
400 3793 499 3849 tribuit
526 3795 655 3851 Valesius
685 3798 833 3864 (annotatt.
867 3817 893 3867 p.
915 3803 964 3852 171
990 3798 1031 3852 ed.
1059 3797 1144 3853 Paris.
1179 3801 1268 3869 1618).

86 3876 253 3930 conformat
269 3875 362 3930 locum
381 3875 434 3929 hoc
453 3876 549 3931 modo:

396 3955 446 4024 τῆς
464 3955 520 4010 τῶν
538 3953 688 4027 καμόντων
707 3957 817 4012 εἵνεκεν
836 3959 973 4027 σωτηρίας

397 4031 452 4107 δρᾷ
471 4030 505 4089 τά
525 4031 615 4104 δεινά,
633 4032 766 4105 θιγγάνει
783 4033 812 4105 ,δ’
831 4033 958 4107 άηδέων·

398 4110 552 4184 ἀλλοτρίοις
571 4135 600 4170 τε
621 4118 798 4188 συμφορῇσιν
818 4117 894 4181 ἰδίας

398 4237 696 4255 ............
715 4199 874 4268 καρποῦται
891 4194 990 4267 λύπας,

82 4275 196 4335 adicit:
232 4275 292 4344 ‘qui
320 4293 416 4332 uersus
445 4278 503 4333 sine
532 4277 617 4334 dubio
641 4278 843 4359 elegantissimi
872 4282 936 4335 sunt
963 4282 992 4335 et
1018 4279 1189 4352 Aeschylum
1217 4283 1266 4337 aot

80 4356 263 4426 Sophoclem
281 4356 435 4412 redolent!
