2994 4898
575 242 887 325 ἐω-

198 404 374 482 uideantur,
399 424 434 464 ox
459 406 525 482 igne
546 403 609 464 aliis
628 413 679 463 aut
698 422 772 483 aqua
793 412 921 483 terrane,
944 407 984 463 ita
1004 404 1118 465 scilieet
1137 414 1169 463 ut
1189 403 1290 463 eadem
1312 421 1370 462 non

198 521 316 581 semper
344 505 445 563 uincat
474 504 633 581 sententia,
662 501 712 561 sed
740 501 789 561 illa
818 503 905 562 modo
933 505 962 563 iu
988 501 1200 562 certaminibus
1234 503 1370 580 superior

168 646 171 661 .
199 601 306 660 existat
334 598 420 659 modo
448 599 512 680 illa,
541 601 597 660 hoc
621 607 719 660 tamen
743 603 893 660 communi
916 601 1025 660 iudicio
1050 602 1140 660 statui
1163 599 1199 658 ab
1223 599 1370 679 omnibus,

199 717 292 758 αιιναι
320 699 391 776 quid
424 715 489 757 esse
519 697 726 776 quodcumque
756 701 794 758 sit
817 707 847 758 et
871 698 899 758 id
923 701 1018 776 ipsum
1048 716 1141 758 unum
1168 701 1370 772 simulatque

195 800 373 856 ticinensum
402 790 503 876 (φασί
522 815 557 856 τε
584 787 648 876 γὰρ
672 790 713 856 ἕν
736 815 767 855 τι
791 786 877 856 εἶναι
902 787 921 856 ὅ
943 816 974 856 τι
999 789 1067 856 ἐστὶ
1089 789 1145 856 καὶ
1171 786 1258 856 τοῦτ’
1284 787 1368 856 εἶναι

195 885 236 954 τὸ
263 888 304 954 ἕν
326 913 366 954 τε
388 889 453 954 καὶ
476 885 517 955 τὸ
541 891 634 971 πᾶν,
662 884 744 954 κατὰ
768 886 805 953 δέ
827 885 868 953 τὰ
894 885 1064 974 οὐνόματα
1088 883 1148 973 οὐχ
1172 884 1369 972 ὁμολογέον-

196 1005 259 1051 σιν.
283 988 370 1070 λέγει
395 983 423 1052 d’
449 981 562 1052 αῦιιῦν
586 981 604 1052 ὁ
629 986 689 1070 μέν
712 1010 762 1064 τις
785 983 925 1071 φάσκων
948 983 1031 1072 ἠέρα
1054 981 1257 1052 εἶναιτοῦτο
1276 983 1313 1050 τὸ
1333 985 1368 1050 έν

112 1134 150 1169 s
195 1108 230 1150 τε
253 1085 308 1149 καὶ
331 1081 368 1149 τὸ
392 1086 476 1168 πᾶν,
505 1081 522 1150 ὁ
548 1083 585 1150 δὲ
608 1086 691 1168 πῦρ,
719 1079 737 1150 ὁ
763 1082 800 1150 dl
823 1083 927 1168 ὕδωρ,
956 1081 974 1149 ὁ
999 1083 1036 1150 dl
1059 1081 1200 1171 ydu‘nul
1230 1082 1368 1166 ἐπιλέγει

197 1181 332 1260 ἕκαστος
354 1184 400 1270 τῷ
426 1181 550 1260 ἑωυτοῦ
574 1179 664 1272 λόγῳ
688 1179 852 1268 μαρτύριά
876 1206 911 1246 τε
934 1169 1165 1266 nul-caupulum
1185 1177 1205 1246 ἅ
1224 1179 1264 1264 γέ
1281 1181 1369 1245 ἐστιν

196 1277 298 1346 οὐδέν
321 1305 349 1364 p.
374 1281 440 1366 32).
465 1304 562 1363 neque
598 1303 670 1345 uero
700 1285 757 1345 hoc
782 1284 966 1344 solummodo
991 1303 1138 1364 exponere
1164 1283 1297 1344 solebant
1319 1285 1369 1363 illi,

196 1383 344 1461 quomodo
369 1385 551 1462 conrpositus
577 1391 657 1443 esset
676 1373 693 1443 ὁ
714 1374 838 1462 μακρὸς
860 1376 984 1463 κόσμος
1003 1377 1052 1462 (ut
1072 1401 1087 1442 e
1108 1384 1255 1442 sententia
1275 1381 1368 1442 dicam

195 1472 335 1561 ἀνδρῶν
359 1477 511 1542 παλαιῶν
534 1474 608 1561 περὶ
632 1473 765 1561 φύσεως
788 1478 914 1542 ίκανῦν
943 1481 1002 1542 Gal.
1026 1481 1068 1540 lll
1092 1479 1154 1542 241
1181 1476 1233 1564 Κ),
1257 1480 1308 1540 sed
1333 1479 1368 1538 de

194 1579 322 1638 humana
341 1598 460 1659 utroque
481 1585 585 1638 natura
608 1597 698 1658 supra
718 1579 861 1640 medicam
882 1579 1051 1640 facultatem
1072 1579 1254 1639 disserentes
1269 1569 1369 1658 (ἀμφὶ

194 1673 253 1755 τής
282 1670 403 1757 φύσιος
433 1673 490 1756 ιής
520 1667 738 1757 ἀνθρωπίνης
770 1673 968 1759 προσωτέρω
998 1666 1018 1757 ἠ
1048 1668 1171 1738 ὁκόσον
1205 1668 1306 1756 αὐτῆς
1338 1672 1372 1748 ἐς

196 1766 347 1856 ιἠιριιιήν
372 1767 487 1854 ἐφήκει
511 1793 539 1853 p.
563 1767 635 1859 32),
665 1777 754 1835 sicuti
777 1793 964 1854 consequens
989 1783 1065 1856 erat,
1094 1775 1166 1835 nihil
1191 1776 1249 1834 nisi
1272 1793 1370 1834 aerem

195 1882 246 1933 aut
269 1875 367 1951 ignem
392 1882 444 1932 aut
471 1891 576 1950 aquam
605 1881 655 1932 aut
678 1882 789 1933 terram
812 1872 962 1934 hominem
988 1892 1053 1935 esse
1077 1881 1172 1934 totum
1197 1867 1387 1932 asseuerare'

195 1970 343 2032 audebant
366 1961 458 2052 (nilus
481 1963 545 2049 γὰρ
569 1962 607 2030 τὸ
632 1963 768 2050 πάμπαν
788 1962 869 2050 ἠέρα
893 1965 977 2050 λέγω
1001 1962 1060 2032 τὸν
1080 1963 1265 2051 ἄνθρωπον
1285 1960 1371 2029 εἶναι

196 2061 271 2128 οὔτε
299 2065 365 2149 πῦρ
394 2059 471 2128 οῦιε
494 2059 587 2146 ὕδωρ
612 2059 687 2128 oilae
715 2066 779 2148 γήν
804 2059 869 2130 οῦί
897 2061 978 2129 ἄλλο
1008 2061 1119 2145 οὐδέν,
1145 2061 1163 2129 ὅ
1186 2061 1220 2128 τί
1240 2060 1284 2148 μή
1309 2089 1372 2147 φα-

194 2159 295 2244 νερόν
324 2161 414 2227 ἐστιν
443 2157 537 2227 ἐνεὸν
562 2161 598 2226 ἐν
621 2163 666 2250 τῷ
695 2156 875 2249 ἀνθρώπω,
908 2157 992 2226 ἀλλὰ
1020 2174 1107 2228 τοῖσι
1134 2161 1373 2245 βουλομένοισι

194 2261 297 2325 ταῦτα
321 2260 429 2343 λέγειν
452 2263 594 2347 παρίημι
618 2283 645 2342 p.
669 2259 735 2345 32).

287 2363 456 2423 Sententias
480 2381 539 2446 non
563 2362 599 2422 de
624 2381 677 2422 suo
701 2365 884 2442 prompsisse
909 2382 959 2423 eos
983 2366 1013 2424 in
1034 2362 1295 2443 disputationibus,
1319 2363 1371 2422 sed

196 2460 644 2540 atemporumpraecedentium
660 2460 842 2539 philosophis
858 2479 924 2521 esse
939 2457 1098 2542 mutuatos,
1113 2462 1303 2521 manifestum
1315 2469 1371 2522 est,

196 2560 368 2620 Aristoteles
398 2567 517 2618 ueteres
544 2557 596 2618 ubi
614 2559 811 2638 philosophos
836 2572 987 2638 recenset,
1016 2575 1102 2638 saepe
1127 2566 1271 2619 memorat
1293 2551 1374 2630 τοὺς

198 2652 354 2735 λέγοντας
378 2646 464 2717 εἶναι
488 2651 525 2716 ἓν
548 2649 585 2716 τὸ
611 2655 680 2717 πᾶν
705 2651 756 2738 (ci.
780 2657 865 2736 Phys.
892 2677 917 2736 p.
945 2654 1007 2718 185
1032 2656 1050 2716 b
1076 2654 1104 2736 7,
1129 2677 1155 2736 p.
1183 2654 1245 2717 188
1269 2675 1285 2715 a
1314 2653 1373 2737 20)

198 2758 262 2815 siue
287 2751 323 2815 ἓν
346 2745 385 2814 τῦ
415 2749 523 2815 πάντα
547 2749 589 2834 (p.
617 2751 705 2816 185³
729 2749 787 2836 22)
816 2757 881 2816 siue
904 2747 1011 2816 πάντα
1035 2751 1072 2815 ἕν
1096 2749 1137 2837 (p.
1164 2752 1248 2815 1871
1276 2746 1308 2835 1)
1333 2755 1372 2811 si-

196 2853 275 2912 milia
300 2847 350 2934 (cl.
376 2842 450 2912 ὅσοι
474 2845 535 2932 plo
559 2837 624 2913 οὖν
643 2847 679 2913 έν
703 2844 796 2914 τετὸ
820 2851 887 2914 πᾶν
910 2847 966 2914 καὶ
989 2852 1069 2932 μίαν
1092 2845 1167 2922 τινὰ
1197 2844 1303 2932 φύσιν
1327 2839 1373 2924 ὡς

196 2941 283 3029 ῦλην
306 2945 438 3011 τιθέασι
461 2951 587 3030 Metaph.
611 2971 639 3030 p.
658 2947 753 3011 88811
777 2944 842 3033 22).
866 2953 924 3011 iam
948 2970 1020 3011 uero
1044 2955 1231 3030 interpretes·
1249 2949 1373 3027 antiqui,

195 3050 282 3109 cuius
315 3051 440 3127 quisque
473 3051 607 3128 magistri
640 3056 768 3108 sectator
801 3050 948 3114 extitisset
982 3058 1173 3130 quaerenteS,
1206 3047 1242 3108 de
1282 3055 1368 3108 terra

198 3149 287 3207 unico
311 3155 341 3206 et
364 3147 467 3206 mundi
490 3148 626 3206 uniuersi
650 3155 680 3206 et
705 3153 826 3206 naturae
850 3147 995 3208 humanae
1019 3150 1166 3226 principio
1190 3137 1370 3206 tammonis*

196 3245 336 3305 destituti
360 3252 448 3324 caput
472 3243 650 3323 sculpebant·
674 3255 707 3305 ut
730 3245 950 3306 Artemidorum
974 3246 1094 3325 quidem
1113 3245 1296 3324 Capitonem,
1320 3244 1373 3320 qui

196 3343 356 3403 editionem
390 3344 511 3404 lecisset
542 3361 666 3422 operum
700 3342 967 3422 Hippocrateorum
1008 3345 1180 3424 imperatori
1214 3341 1372 3402 ¹Hadriano

197 3442 283 3503 ualde
308 3450 467 3521 acceptam,
493 3442 560 3519 quia
585 3460 682 3520 neque
707 3441 814 3502 librum
838 3444 1003 3502 inuenisset
1027 3445 1085 3503 uiri
1109 3443 1235 3521 ueteris,
1260 3450 1371 3500 terram

197 3539 288 3600 solam
319 3539 498 3599 elementum
530 3539 712 3619 profitentis,
746 3557 841 3618 neque
875 3539 952 3618 apud
980 3539 1195 3619 Peripateticos
1228 3539 1371 3599 historiae

200 3636 391 3716 philosophae
422 3637 655 3697 studiosissimos
679 3635 819 3714 placitum
842 3636 899 3696 tale
923 3636 1056 3718 legisset,
1083 3637 1175 3698 uerba
1203 3629 1280 3697 οὔτε
1306 3633 1374 3716 γῆν

196 3735 336 3796 audacter
363 3736 547 3795 omittentem
572 3736 742 3814 scripsisse:
766 3726 842 3794 οῦτε
865 3727 985 3813 γὰρτὸ
1005 3731 1075 3794 πᾶν
1094 3729 1165 3818 (sic)
1183 3727 1267 3816 ἠέρα
1285 3729 1370 3812 λέγω

195 3824 465 3913 τὸνῦνθρωπον
489 3823 576 3892 εἶναι
600 3823 677 3892 οῦπε
700 3828 767 3911 πῦρ
792 3823 869 3892 οὔτε
892 3823 985 3914 ὕδωρ
1010 3831 1137 3893 Galenus
1161 3827 1303 3916 narrat¹),
1326 3834 1369 3892 111-

269 3999 508 4073 minutatumque
528 3999 542 4056 ὃ
564 4001 728 4074 ἐπικληθεὶς
747 4005 880 4058 Καπίτων
901 4001 1013 4071 ἔνδοσιν
1033 4001 1186 4072 έποιήσατο
1209 3998 1370 4058 τῶνἹππο·

197 4079 317 4152 κρῦιονς
338 4083 452 4155 βιβλίων
472 4077 699 4153 εῦὸοιιιμήοαοαν
718 4078 753 4138 οῦ
773 4081 861 4154 μόνον
879 4081 954 4151 παρὰ
972 4079 1102 4155 Ἀδριανῷ
1122 4085 1160 4156 τῷ
1177 4080 1370 4152 αὐτοκράτορι,

197 4159 268 4218 dttd
288 4162 335 4218 ιιαλ
355 4163 409 4216 νῦν
429 4159 532 4226 [κανῶς
550 4159 607 4218 ῦπὸ
627 4165 737 4218 πολλῶν
757 4164 1001 4234 σπονδαζομένην,
1021 4159 1113 4232 ὥσπερ
1133 4162 1182 4216 καλ
1200 4158 1218 4231 ἠ
1238 4163 1287 4216 τοῦ
1307 4182 1369 4231 σνν-

195 4245 296 4313 pecode
324 4238 413 4297 αὐτοῦ
433 4246 639 4312 Διοσκουρίδον
664 4244 780 4312 (diuersi
799 4244 907 4298 scilicet
925 4262 942 4298 a
960 4244 1068 4298 medico
1088 4241 1279 4298 illustrissimo
1298 4241 1371 4297 Ana-

196 4325 313 4380 zarbaeo
333 4323 368 4378 ab
387 4323 534 4394 Erotium,
559 4323 677 4378 Neronia
702 4323 829 4392 aequali,
852 4323 972 4393 primum
990 4323 1102 4378 nomine
1122 4323 1212 4377 citato
1229 4321 1278 4396 (p.
1297 4328 1370 4392 85‚t
