2994 4898
454 665 661 754 Epimetmn
688 670 737 748 (ef.
762 688 790 749 p.
816 667 844 750 t,
870 662 912 752 1).

184 806 283 867 Codex
313 805 480 865 Marcianus
508 802 573 866 269
601 807 633 864 in
662 804 730 864 lolio
763 803 1006 864 membranaceus
1035 803 1172 864 loliorum
1201 802 1265 866 461

74 987 75 991 Ἰ
96 900 172 989 (261
199 923 302 966 errore
325 904 510 964 Bessarionis
534 895 700 985 catalogus)
724 901 835 961 saeculi
859 901 907 983 Xl,
930 895 1030 982 (cuius
1055 901 1113 963 loll.
1141 902 1193 964 11¹
1212 900 1267 964 33¹

95 1013 156 1065 arte
180 1004 342 1083 phototypa
365 1021 505 1080 expressa
525 1010 625 1062 extant
645 1002 675 1060 in
695 998 913 1060 Wattenbacbii
931 1009 961 1060 et
980 999 1098 1060 Valseni
1116 999 1266 1080 Exemplis

96 1097 184 1183 (labb.
215 1100 265 1159 XL
290 1093 385 1182 XLl);
411 1099 447 1160 cl.
477 1098 525 1160 lol.
558 1096 609 1159 12¹
639 1101 669 1160 in
698 1096 916 1158 Waltenbachii
953 1093 1179 1159 ‘Schrilitaleln'
1208 1098 1265 1160 tab.

93 1192 225 1278 XXXV),
255 1196 325 1256 olim
355 1215 499 1258 excussus
528 1205 573 1256 est
602 1215 616 1255 a
646 1196 797 1258 Friderico
826 1196 991 1258 Reinholdo
1020 1195 1131 1257 Dietzio
1160 1198 1278 1277 Regio·¹
1302 1198 1319 1272 2

93 1305 247 1377 montano,
281 1296 372 1356 totius
407 1295 468 1355 lere
501 1294 637 1376 Europae
671 1293 805 1355 codicum
840 1293 1059 1355 medicinalium
1091 1314 1265 1374 graecorum

93 1394 340 1474 peruestigatore.
369 1392 405 1452 de
426 1411 483 1470 qua
503 1410 536 1452 re
555 1393 666 1452 certior
690 1393 785 1454 lactus
805 1393 859 1454 hac
878 1392 978 1454 notula
1002 1395 1032 1452 iu
1056 1393 1167 1453 codicis
1187 1393 1266 1454 calce
1308 1462 1312 1475 .

93 1511 167 1573 quae
196 1491 319 1570 legitur:
353 1486 478 1551 ‘contuli
512 1508 579 1550 oum
612 1490 683 1552 edit.
716 1491 859 1553 Foesiana
893 1498 987 1552 totum
1020 1489 1100 1550 hunc
1132 1491 1264 1552 codicem

92 1591 138 1651 Fr.
163 1589 246 1650 Dietz
269 1588 318 1649 llr.
337 1588 413 1649 med.
434 1588 563 1648 Prussus
586 1584 681 1649 1828’
703 1590 842 1668 precibus
861 1588 919 1649 adii
941 1591 1144 1650 uniuersitatis
1163 1589 1264 1650 Alber-

92 1693 169 1750 tinae
203 1686 426 1768 bibliothecam,
458 1688 487 1746 in
517 1704 574 1764 qua
603 1689 751 1746 asseruari
781 1685 886 1746 Dielzii
914 1685 1051 1769 schedas,
1078 1696 1266 1766 praematura

93 1795 188 1848 morte
212 1785 347 1846 defuncti
365 1803 389 1846 a.
411 1781 506 1866 1836,
530 1802 742 1863 compereram.
767 1803 821 1844 nec
846 1803 937 1866 mora,
960 1787 1067 1846 eximia
1091 1785 1265 1847 liberalitate

92 1894 150 1948 tota
163 1884 235 1946 mihi
246 1885 459 1944 transmittitur
469 1882 659 1944 collationum
674 1889 882 1960 excerptorum
893 1882 1129 1962 apographorum
1141 1884 1266 1964 larrago,

91 1983 221 2044 Berolini
245 1981 359 2041 Monaci
382 1980 515 2046 Venetiis
537 1981 647 2040 Romae
671 1979 827 2041 Mediolani
851 1980 961 2041 Matriti
987 1980 1119 2042 Lutetiae
1139 1982 1267 2043 bondini

91 2081 154 2141 aliis
183 2079 256 2140 locis
284 2078 440 2157 permultis
470 2078 566 2138 lerrea
596 2077 695 2139 hercle
720 2077 893 2139 assiduitate
917 2087 1066 2157 congesta.
1113 2081 1165 2140 sed
1195 2080 1265 2142 darm

90 2179 240 2258 perlustro
265 2178 461 2258 amplissimas
485 2178 584 2257 copias
608 2175 782 2257 Dietzianas,
805 2176 1027 2237 breuiusculam
1053 2185 1166 2239 tantum
1190 2177 1264 2238 Mar·

90 2280 169 2339 ciani
199 2277 429 2356 descriptionem
464 2277 598 2361 inurenio,
629 2274 665 2350 de
694 2259 849 2335 collatione
879 2294 947 2354 spes
970 2277 1070 2358 irrita,
1099 2295 1187 2355 qxram
1212 2271 1265 2359 (ne

90 2378 158 2455 qxris
182 2393 258 2436 uana
282 2367 415 2456 expetat)
440 2392 498 2433 non
523 2391 556 2432 ea
580 2371 668 2433 bodie
693 2390 768 2450 qliae
793 2372 979 2433 desideratur
1002 2372 1152 2453 diligentia
1173 2377 1264 2436 inisse

89 2474 255 2534 conlectam
287 2472 356 2532 inde
389 2472 517 2549 conicio,
551 2470 629 2551 quod
662 2469 824 2532 Nouembri
857 2471 975 2532 demum
1009 2474 1078 2532 anni
1116 2471 1265 2534 duodetri-

89 2574 193 2632 cesimi
222 2589 324 2631 mense
352 2569 482 2631 Dictzius
510 2567 648 2628 Venetias
677 2570 796 2631 uidetur
824 2570 994 2653 aduenisse,
1023 2572 1063 2631 ita
1094 2578 1126 2630 ut
1155 2571 1265 2632 relicua

89 2672 159 2731 anni
183 2669 327 2750 particula
350 2667 519 2748 religiosam
543 2661 646 2730 ‘totius
666 2664 789 2730 codicis’
813 2669 1000 2730 collationem
1031 2668 1185 2730 absoluere
1214 2672 1264 2730 uix

88 2769 230 2848 potuerit.

180 2865 262 2936 Quae
280 2867 310 2924 in
331 2864 432 2924 codice
452 2864 623 2944 legerentur
644 2872 676 2926 ut
695 2868 850 2947 sciremus,
869 2868 983 2945 primus
1002 2867 1101 2926 ellecit
1114 2865 1264 2928 Ermeriu-

89 2968 152 3025 sius
167 2962 273 3024 Cobeti
287 2981 360 3023 usus
375 2965 531 3041 excerptis.
557 2964 695 3024 tractauit
710 2983 778 3024 eum
793 2971 861 3044 post
873 2963 1017 3024 Cobctnm
1028 2962 1265 3046 Darembergius,

90 3066 140 3141 qni
165 3069 195 3122 et
219 3064 250 3121 in
273 3060 358 3121 libris
381 3054 455 3140 napi
480 3051 578 3136 ὄψιος
596 3071 626 3122 et
645 3055 719 3144 περὶ
739 3053 992 3142 εὐσχημοσύνης
1011 3081 1086 3141 quae
1106 3062 1265 3148 praeberet

90 3179 158 3220 curn
194 3157 307 3220 Littreo
345 3160 577 3220 communicauit
615 3153 670 3240 (lX
702 3180 730 3240 p.
761 3157 824 3220 130
835 3179 878 3240 sq.
907 3157 972 3221 224
1001 3155 1038 3242 L)
1070 3171 1099 3222 et
1132 3161 1264 3222 codicem

90 3265 228 3320 accurate
257 3256 415 3341 descripsit
443 3255 469 3314 X
492 3276 520 3335 p.
544 3257 635 3318 lell
645 3277 688 3337 sq.
711 3257 744 3318 L.
768 3277 827 3338 quo
855 3258 919 3320 loco
949 3258 1083 3319 eiusdem
1106 3279 1174 3320 eum
1199 3279 1265 3321 esse

90 3355 216 3415 l'amiliae
236 3362 325 3434 atquc
340 3354 506 3415 Parisinum
520 3351 613 3416 Ι2253
629 3358 735 3416 asserit
754 3349 807 3438 (cl.
826 3355 959 3416 Oeuvres
978 3356 1107 3418 choisies
1126 3357 1264 3441 d’Hippo·

88 3460 170 3514 crate
205 3471 232 3532 p.
261 3446 315 3510 lX2
342 3451 372 3512 G.
402 3445 478 3533 Cli).
531 3462 619 3533 atque
652 3455 737 3513 cuius
770 3451 838 3513 libri
874 3453 1075 3533 Hippocratici
1109 3455 1264 3518 collatione

88 3554 202 3612 nitatur
226 3549 463 3630 Darembergius,
487 3551 671 3612 confidenter
703 3569 770 3611 cum
799 3553 990 3630 pronunciet:
1033 3547 1071 3612 ‘le
1101 3558 1265 3616 manuscrit

90 3649 125 3709 de
157 3647 334 3709 saint-blare
362 3649 379 3707 h
406 3647 527 3729 Venise,
557 3651 608 3728 qui
631 3651 800 3728 appartient
823 3648 1031 3730 e'videmment,
1055 3652 1130 3712 ainsi
1154 3671 1212 3730 que
1232 3653 1264 3732 je

89 3747 135 3807 l'ai
164 3745 312 3826 constate',
344 3745 410 3805 ala
434 3743 542 3808 lamille
572 3763 629 3823 que
654 3745 796 3825 jusqu’ioi
825 3754 911 3806 notre
935 3745 1076 3824 precieux
1100 3752 1265 3810 manuscrit

89 3839 176 3906 2253
205 3842 404 3922 representait
427 3843 444 3902 a
467 3842 508 3903 lui
532 3849 598 3903 tout
620 3837 697 3903 seul'
721 3846 833 3925 nescio,
856 3842 947 3904 altera
971 3845 1050 3904 cuim
1073 3863 1142 3923 pars
1166 3850 1264 3926 operis

88 3938 221 4003 ‘Notices
245 3948 274 4000 et
298 3942 421 4002 extraits
444 3939 497 4001 des
521 3937 710 4004 manuscrits’
734 3941 831 4003 lucem
855 3960 915 4002 non
938 3941 1026 4003 uidit:
1051 3942 1157 4006 falsum
1181 3953 1263 4007 certe

88 4043 153 4100 eius
177 4037 321 4098 iudicium
344 4040 375 4098 in
400 4037 475 4097 libro
499 4033 574 4119 περὶ
597 4027 736 4121 ἀρχαίης
755 4036 912 4121 ἰητρικῆς,
931 4041 1016 4101 ouius
1037 4043 1166 4121 capitum
1184 4045 1263 4122 prio-

89 4156 156 4198 rum
181 4155 231 4197 sex
256 4137 444 4216 scripturam,
469 4136 580 4216 publici
602 4140 677 4200 iuris
696 4137 827 4198 nondum
847 4139 962 4219 iactam,
986 4138 1056 4199 dum
1075 4157 1129 4219 per
1147 4142 1264 4202 itineris

89 4235 185 4295 ltalici
213 4235 306 4294 otium
337 4232 467 4295 Venetiis
495 4253 676 4316 commoror,
704 4254 800 4315 nuper
828 4237 892 4326 ipse
917 4237 1045 4297 enotaui.
1092 4238 1162 4299 lacit
1185 4241 1262 4298 enim

18 4307 19 4394 l
92 4332 261 4392 Marcianus
289 4349 357 4392 cum
386 4331 529 4393 Parisinis
563 4330 687 4394 2142Η
716 4329 835 4394 moun
863 4330 982 4396 2141c
1012 4329 1132 4394 2255Ε
1157 4331 1265 4396 21401
