2994 4898
577 251 816 348 ςυ-

117 459 149 510 nt
168 449 277 528 Legem
302 451 428 528 excipiat
447 449 482 508 de
503 449 574 509 Arte
590 444 780 529 opusculum,
805 467 893 528 porro
914 458 1114 528 consequatur
1133 449 1169 508 de
1190 451 1287 528 prisea

116 547 269 608 Medicina.
299 550 462 627 quaeritur,
482 547 550 608 huic
570 545 754 606 collocationi
771 564 845 624 quae
865 545 939 607 tides
958 551 996 609 sit
1015 545 1158 608 habenda.
1193 545 1307 656 πίνα.

1 701 2 706 ,
116 665 174 718 νας
198 648 331 706 extitisse
356 664 479 725 operum
504 644 781 725 Hippocratieornm
805 645 990 724 temporibus
1014 646 1144 724 antiquis
1168 653 1201 706 nt
1225 663 1288 716 cre-

1 763 2 774 *
116 743 230 824 damus,
254 762 312 804 non
337 762 412 823 opus
436 752 482 804 est
505 744 617 804 diserto
637 743 738 803 Galeni
762 746 941 823 testimonio,
966 745 1001 805 de
1027 746 1187 824 scriptione
1212 736 1288 823 περὶ
1358 793 1361 799 .

116 832 248 903 ἀδένων
282 833 479 921 οὐλομελίης
506 840 665 903 tradentis:
703 833 744 902 οά
777 833 843 921 μὴν
877 833 957 904 οὐδὲ
987 834 1212 922 ἐμνημόνευσὲ
1241 860 1290 914 τις

116 934 190 1019 περὶ
215 931 321 1001 αὐτοῦ
344 938 411 1001 τῶν
435 939 626 1020 ἔμπροσθεν
646 936 780 1019 ίατρῶν,
804 930 878 1000 ἀλλ’
901 930 976 1001 οὐδ’
998 937 1033 1002 οί
1053 933 1132 1014 τοὺς
1150 937 1291 1011 πίνακας

1 1061 2 1064 “
117 1030 316 1118 ποιήσαντες
339 1040 429 1099 ίσασι
452 1031 491 1099 ed
515 1036 648 1116 βιβλίον
672 1032 780 1118 (xviii
803 1037 826 1096 Α
849 1057 877 1116 p.
902 1033 1027 1122 3191).
1066 1057 1193 1118 quorum
1218 1057 1288 1098 num

116 1143 243 1196 aetatem
274 1135 395 1198 tulerint
426 1136 568 1214 reliquiae
601 1133 824 1215 lexicographos
855 1139 1067 1216 peruestiganti
1103 1136 1289 1216 splendidum

117 1236 180 1313 spei
208 1234 308 1294 lumen
337 1253 395 1295 non
426 1233 576 1295 arridebit.
622 1233 731 1313 legitur
760 1231 878 1312 quidem
907 1236 937 1294 in
970 1255 1016 1316 ea,
1049 1253 1157 1296 uocum
1180 1235 1289 1316 Hippo·

118 1333 295 1391 ereticorum
320 1331 488 1392 collectioni
511 1331 671 1391 Erotianus
695 1350 782 1411 quam
808 1334 969 1412 praemisit,
993 1335 1183 1415 praelatione,
1207 1351 1289 1413 prae·

119 1431 210 1489 stanti
243 1432 383 1490 memoria
415 1431 588 1510 conspicua,
620 1431 829 1508 primariorum
859 1429 911 1490 Coi
941 1451 1064 1508 opernm
1098 1434 1291 1512 enumeratio,

118 1527 169 1587 sed
194 1547 282 1606 quam
307 1528 432 1608 abipso
456 1527 652 1589 Andromachi
681 1527 820 1588 archiatri
850 1527 943 1590 amieo
973 1530 1116 1609 digestam
1140 1549 1200 1590 non
1224 1549 1289 1589 esse

117 1645 170 1686 cur
199 1645 352 1688 sumamus
381 1629 551 1707 perspicere
580 1645 705 1705 nequeo.
750 1625 823 1686 haee
847 1628 925 1687 euim
954 1636 1110 1707 postquam
1139 1629 1291 1707 praemisit

118 1723 292 1786 Erotianns:
316 1716 400 1786 ὅθεν
418 1719 473 1786 καὶ
493 1718 545 1786 ἐπὶ
564 1721 631 1786 τῶν
650 1715 791 1803 ἀληθῶν
805 1719 1031 1805 κομιζομένων
1050 1717 1291 1806 συνταγμάτων

117 1820 183 1882 ἔστι
212 1816 274 1903 μὲν
303 1813 324 1884 ἀ
354 1814 568 1904 σημειωτικά,
597 1812 620 1895 ἀ
650 1814 687 1882 δὲ
715 1817 839 1900 φυσικὰ
868 1816 923 1882 καὶ
952 1816 1173 1903 αίτιολονικά,
1204 1813 1225 1882 ἀ
1254 1815 1291 1882 dt

116 1915 354 2002 deoauevceud·
390 1916 538 1983 καὶτῶν
565 1917 817 2003 θεραπευτικῶν
841 1911 862 1981 ἀ
886 1915 947 2001 μὲν
976 1913 1177 2002 ὃιαιτητιιιά,
1208 1911 1229 1981 ἀ
1254 1914 1291 1980 111

117 2013 402 2100 χειρουρχοάμενα
425 2013 485 2082 καὶ
503 2011 635 2091 πάντας
658 2011 766 2098 μικτά,
789 2017 862 2079 ἔνια
886 2010 918 2079 d’
940 2018 987 2092 είς
1003 2016 1065 2081 τὸν
1083 2013 1158 2102 περὶ
1176 2013 1292 2099 τέχνης

117 2117 334 2179 συντείνοντα
363 2110 479 2197 λόγον·
528 2114 660 2177 δίκαιον
687 2106 833 2196 ἡγοῦμαι
862 2109 1106 2199 προϊστορήσας
1133 2113 1195 2179 τὸν
1223 2115 1291 2178 τῶν

1 2227 2 2306 ]
116 2214 257 2293 βιβλίων
286 2207 436 2296 ἀριθμὸν
467 2212 647 2294 τηνικαῦτα
676 2208 729 2275 ἐπὶ
757 2211 819 2294 τὴν
847 2212 915 2277 τῶν
947 2211 1067 2290 λέξεων
1098 2208 1292 2276 ἀνάπλασιν

116 2304 210 2392 ἥκειν
236 2307 339 2392 (1136
363 2307 437 2394 111),
470 2312 613 2373 librorum
642 2310 745 2372 titulos
776 2323 931 2375 enumerat
961 2316 1081 2394 triginta
1112 2316 1215 2394 unius,
1249 2316 1291 2373 eis

117 2429 190 2488 quas
219 2413 343 2490 apposni
372 2409 515 2470 classibus
544 2409 779 2472 distributorum.
827 2414 924 2471 minus
954 2415 1042 2474 etiam
1070 2430 1213 2493 prospere
1243 2429 1291 2471 res
1402 2459 1404 2465 ,

118 2507 205 2569 cedet
219 2510 258 2592 ¹in
285 2509 389 2590 Suida,
414 2527 495 2568 more
521 2527 574 2568 suo
599 2510 628 2567 in
652 2507 857 2569 describendis
876 2509 971 2570 titulis
990 2513 1136 2590 segniore.
1169 2509 1292 2589 praebet

117 2597 165 2665 ille
185 2606 259 2667 haec
282 2605 500 2667 tantummodo:
524 2599 611 2685 πλὴν
634 2602 702 2680 τῶν
727 2601 763 2666 ίν
786 2598 930 2686 πρώτοις
953 2603 1008 2668 καὶ
1032 2599 1125 2688 ἡμεῖς
1143 2599 1292 2689 ἀπομνη-

117 2696 349 2784 μονεύσωμεν·
372 2697 485 2785 πρώτη
509 2698 570 2785 μὲν
595 2692 657 2765 οὗν
680 2703 796 2783 βίβλος
819 2695 838 2784 ἡ
862 2701 923 2767 τὸν
939 2697 1059 2787 Ὅρκον
1083 2701 1293 2788 περιέχουσα·

1 2861 2 2866 ,
118 2797 257 2882 δευτέρα
281 2796 317 2863 δὲ
341 2794 361 2884 ἡ
384 2799 443 2876 τὰς
462 2795 678 2883 Προννιάσεις
697 2797 919 2881 ἐμφαίνουσα·
951 2803 1043 2884 τρίτη
1063 2795 1084 2884 ἡ
1108 2801 1176 2865 τῶν
1197 2794 1293 2884 'Aqo-

1 2943 2 2984 ρ
118 2897 261 2980 ρισμῶν,
289 2892 510 2983 ἀνθρωπίνην
538 2892 788 2980 ὑπερβαίνουσα
816 2891 967 2962 σύνεσιν·
1008 2894 1167 2984 τετάρτην
1199 2893 1293 2975 τάξιν

1 2999 2 3084 l
118 2991 216 3077 ἐχέτω
245 2988 266 3078 ἡ
299 2990 555 3079 πολυθρύλητος
587 2991 643 3058 καὶ
674 2990 958 3078 πολυθαύμασπος
986 2990 1292 3079 Ἑξηκοντάβιβλος,

119 3086 139 3173 ἡ
174 3091 285 3156 πᾶσαν
323 3092 476 3177 ἰατρικὴν
514 3088 695 3175 ἐπιστήμην
732 3115 766 3156 τε
803 3090 858 3156 καὶ
895 3096 1020 3178 σοφίαν
1057 3093 1294 3178 ἐμπεριέχουσα

118 3191 155 3273 (s.
184 3213 212 3252 n.
237 3184 406 3276 Ἵπποκρ.),
445 3195 495 3254 sed
526 3194 562 3254 de
587 3193 676 3254 Suida
710 3193 779 3273 quid
814 3197 977 3278 querimur,
1008 3198 1037 3256 in
1067 3197 1121 3256 hac
1155 3215 1187 3256 re
1219 3215 1291 3276 qun

121 3291 208 3350 modo
223 3295 318 3369 egerit.
342 3291 501 3353 luculentis
525 3291 692 3352 Aristotelis
725 3301 755 3352 et
784 3292 983 3373 Theophrasti
1008 3294 1151 3373 exemplis
1175 3292 1294 3356 edocti?

122 3390 232 3448 etenim
257 3391 315 3449 nisi
338 3390 395 3449 lata
420 3389 584 3468 dedissent,
615 3396 648 3449 ut
677 3409 734 3450 non
765 3392 861 3453 solum
885 3391 1102 3472 Hesychiannm
1127 3394 1294 3455 Aristotelis

2 3561 3 3566 η
119 3486 248 3546 indicem
273 3486 427 3547 exhiheret
450 3474 613 3566 anonymus
637 3487 828 3568 Menagianus
852 3484 903 3573 (el'.
923 3490 982 3550 Val.
1002 3489 1093 3553 Rose:
1117 3491 1152 3552 de
1173 3491 1293 3552 Aristot.

2 3601 3 3666 3
119 3583 185 3644 libr.
206 3584 268 3644 ord.
288 3604 315 3664 p.
331 3581 373 3645 48
390 3603 467 3665 sqq.;
499 3585 618 3645 Aristot.
648 3587 837 3668 pseudepigr.
857 3607 885 3666 p.
911 3585 951 3676 18
967 3583 1061 3670 sqq),
1088 3589 1140 3650 sed
1169 3589 1293 3668 amplius

3 3725 4 3728 κ
119 3684 208 3743 etiam
229 3682 368 3762 Diogenis
387 3681 498 3744 Laertii
522 3681 677 3766 sedulitate
702 3686 815 3768 liceret,
839 3696 872 3748 nt
896 3695 927 3747 et
950 3684 1137 3748 Andronicus
1161 3687 1294 3748 Rhodius

3 3793 4 3796 ’
120 3780 272 3842 Ciceronis
296 3790 391 3842 aetate
416 3801 503 3862 qnam
534 3781 851 3846 coniecit'hristotelis
879 3783 1022 3845 librorum
1051 3784 1193 3865 tabulam,
1221 3784 1294 3844 ller-

3 3899 4 3926 1
120 3881 211 3958 mippi
234 3879 420 3940 Callimaehei
439 3881 683 3960 philosophorum
703 3884 773 3942 uitis
793 3875 908 3965 usus1),
928 3891 957 3942 et
972 3900 1045 3960 quas
1059 3881 1239 3960 Hermippus
1259 3901 1293 3942 ex

120 3977 336 4038 Alexandrinae
355 3977 549 4040 bibliothecae
570 3980 708 4058 catalogis
728 3980 886 4060 descripsit
904 3973 1188 4060 Theophrasteas2),
1208 3979 1293 4040 hodie

194 4144 219 4207 1)
235 4139 275 4196 Cf.
292 4139 416 4196 VRose:
437 4143 471 4196 de
486 4144 533 4196 Ar.
549 4142 610 4198 libr.
626 4143 684 4198 ord.
699 4160 727 4212 p.
737 4147 784 4209 5⁰3
799 4142 844 4198 Ar.
855 4144 950 4213 pseud.
961 4147 1091 4212 p.4sqq;
1112 4142 1294 4211 JBernays:
1322 4170 1325 4176 ·

113 4219 296 4294 diedialoge
312 4221 361 4276 des
375 4220 490 4276 Aristob.
502 4241 532 4292 p.
549 4227 599 4278 133
610 4241 669 4292 sqq.
697 4221 835 4277 EHeibz:
855 4223 906 4278 die.
920 4223 1082 4277 verlorenen
1097 4221 1231 4275 aehrifben
1246 4221 1294 4275 des
1337 4256 1340 4262 .

117 4301 235 4356 Aristoi.
255 4319 281 4370 q.
302 4307 388 4370 8sqq.

190 4383 218 4450 2)
237 4379 406 4434 HVsener:
428 4381 511 4462 ,Auel
532 4381 717 4453 ’1111011111Ι
738 4389 772 4437 22
784 4400 843 4453 sqq.
