2994 4898
592 256 812 319 „23-

116 424 215 481 minus
240 430 392 501 saper,ent
414 420 485 482 ibid
508 414 581 502 44),
605 423 690 481 cuius
709 420 891 481 detractione
911 429 1036 480 mortem
1058 421 1133 480 ellici
1153 412 1229 503 (ἐὰν
1250 414 1287 482 δὲ
1373 490 1381 509 ,

113 536 204 580 απαν
227 511 265 580 τὸ
289 510 474 599 ἆερωδες’
458 539 494 580 εκ
516 516 584 580 τῶν
608 515 744 598 φλεβῶν
772 514 901 601 ἐκλίπῃ,
929 511 1082 606 δύνατον
1109 512 1329 612 τυγχάνειν

112 616 177 677 Aet.
207 617 285 680 Plac.
314 616 338 675 V
368 614 423 698 23,
452 599 514 698 3)l
548 624 650 676 contra
683 625 787 678 auctor
819 611 894 699 περὶ
926 599 1045 697 φνσῶν
1077 617 1286 697 Empedoclem

4 769 5 774 ,
114 715 298 794 Critiamque
332 723 454 776 secutus
486 717 622 793 sanguini
654 715 790 776 attribuit
826 717 937 795 primas
969 725 1068 794 partes
1102 734 1169 777 exim
1206 718 1286 777 dicat

3 809 5 820 '
112 809 223 892 neque
252 816 330 874 euim
360 813 520 893 quidquam
549 815 640 892 magis
669 812 704 873 ad
733 813 957 893 intelligentiam
987 815 1123 874 conterre
1157 814 1286 875 arbitror

112 914 256 990 sanguine
259 901 449 994 ’(ἡγεῦμαι
474 903 564 972 δε..
583 905 719 991 .μηδὲν
742 902 830 973 εἶναι
848 909 976 991 μᾶλλον
999 909 1066 973 τῶν
1092 907 1198 998 ἐντῷ
1222 905 1286 974 σολ-

3 1009 5 1058 l
111 1001 541 1128 ματιξρμβαλλόρενον
570 1006 607 1083 ἐς
635 999 944 1091 φρόνησινῆτὸ
974 997 1080 1104 αἷμα·
1125 1003 1286 1071 τοῦτοδὲ

111 1101 195 1170 ὅταν
228 1129 289 1188 μιν
322 1103 359 1168 ἐν
390 1104 435 1193 τῷ
468 1103 670 1169 καθεστεῶτι
703 1128 802 1191 perp,
839 1100 931 1187 με’νει
963 1102 1019 1168 καί
1055 1099 1076 1188 ἡ
1108 1101 1285 1190 φρόνησις·
1352 1152 1354 1161 ι

110 1200 373 1281 ἐξαλλάσσοντος
409 1171 447 1267 δὲ
478 1203 538 1268 τοῦ
575 1202 713 1285 αἵματος
748 1205 939 1286 μεταπίπτει
972 1200 1027 1267 καὶ
1064 1197 1084 1286 ἡ
1121 1199 1285 1285 φρόνησις

111 1325 140 1384 p.
166 1304 205 1368 ll
190 1298 260 1388 10),
293 1323 368 1384 quae
392 1307 538 1365 sententia
567 1303 662 1364 morbi
686 1306 763 1364 sacri
789 1305 977 1383 potissimum
1006 1304 1139 1384 exemplo
1164 1304 1283 1365 demon-

2 1455 3 1458 ,
111 1411 226 1464 stratur
250 1421 318 1464 aere
343 1404 434 1467 nimio
458 1405 594 1481 sanguini
613 1403 742 1462 admixto
761 1404 885 1462 orientis
910 1395 1060 1484 (ἐπειδὰν
1084 1387 1147 1462 οὖν
1170 1397 1203 1476 ἐς
1224 1394 1284 1474 τὰς

2 1523 3 1526 ’
109 1500 248 1582 παχείας
270 1493 326 1561 καὶ
346 1499 552 1580 πολυαίμους
574 1496 641 1560 τῶν
660 1496 795 1579 φλεβῶν
817 1492 922 1574 πολύς
944 1490 1009 1582 ἆὴρ
1032 1499 1143 1582 βρίσῃ,
1167 1499 1284 1581 βρίσας

110 1592 148 1660 δὲ
171 1592 270 1681 μένῃ,
292 1592 455 1660 κωλύεται
477 1590 515 1660 τὸ
539 1585 620 1679 αἷμα
644 1590 800 1672 διεξιέναι
823 1617 851 1677 ρ.
877 1591 964 1681 112).

200 1697 308 1758 Studet
325 1699 417 1776 igitur
437 1697 571 1758 medicus
590 1705 692 1757 noster
710 1704 925 1776 praeoccupata
945 1699 1084 1776 opinione
1105 1698 1186 1757 uaria
1205 1714 1282 1756 mor-

109 1797 216 1856 borum
251 1781 359 1875 genera
393 1794 541 1875 explicare
569 1802 723 1856 uetustum
751 1796 821 1874 quid
850 1794 989 1872 placitum
1018 1793 1227 1873 philosophum
1251 1797 1281 1854 iu

109 1913 197 1954 xrsum
227 1912 314 1955 suum
342 1900 531 1954 conuertens,
577 1912 675 1972 neque
703 1910 776 1953 uero
804 1892 859 1952 hac
888 1892 948 1952 sola
976 1893 1119 1972 sapientia
1142 1891 1282 1953 diuersus

107 2002 155 2078 est
182 1992 219 2052 ab
246 1992 426 2072 Hippocrate
454 1994 595 2072 empirica
624 1994 738 2051 ratione
767 2009 884 2069 semper
913 1999 1089 2069 quaerente:
1122 1990 1281 2071 sophistica

106 2088 256 2150 imbutum
280 2107 346 2149 esse
370 2108 402 2150 se
426 2088 561 2151 doctrina
584 2091 743 2150 scribendi
768 2107 886 2168 quoque
908 2107 1024 2164 genere
1045 2088 1291 2149 luculentissime-

1 2179 2 2204 ³
104 2187 215 2266 prodit.
262 2207 320 2266 quo
354 2188 440 2248 modo
474 2189 649 2266 scripserint
682 2186 831 2266 sophistae
859 2188 980 2247 minime
1011 2205 1078 2247 cum
1101 2205 1156 2248 nos
1180 2187 1281 2268 fugiat,

103 2292 226 2364 praeter
249 2285 418 2346 Aristotelis
437 2286 626 2346 Anaximenis
646 2284 776 2365 Dionysii
801 2285 925 2345 aliorum
949 2287 1117 2346 testimonia
1142 2287 1279 2363 quoniam

1 2427 2 2432 ι
105 2392 137 2444 et
161 2383 293 2444 Platonis
317 2390 418 2445 extant
441 2385 566 2444 festiuae
590 2383 715 2462 Gorgiae
739 2383 917 2460 Protagorae
937 2382 1055 2443 Prodici
1075 2381 1197 2462 Hippiae
1217 2383 1280 2443 Poli

1 2519 2 2548 t
104 2479 270 2561 Agathonis
298 2484 478 2543 imitationes
507 2490 537 2542 et
564 2483 697 2560 ipsorum
721 2480 950 2541 declamationes
974 2480 1132 2553 nonnullae
1156 2514 1198 2523 -
1224 2482 1279 2541 lle-

1 2609 2 2645 ÷
102 2580 191 2640 lenae
220 2578 417 2640 laudationem
447 2588 477 2640 et
504 2578 667 2640 Palamedis
698 2579 862 2659 apologiam
886 2580 977 2639 allero
1000 2579 1125 2658 Gorgiae
1150 2579 1279 2659 adscrip-

1 2681 2 2770 ρ
103 2687 160 2758 tas,
185 2676 276 2738 Vlixis
300 2679 330 2738 iu
355 2676 539 2739 Palamedem
564 2679 727 2738 orationem
751 2677 848 2756 deque
872 2675 1013 2755 sophistis
1036 2676 1212 2756 opusculum
1232 2677 1278 2736 tt-

103 2775 280 2856 cidamauti,
311 2775 430 2850 Aiacem
454 2784 484 2836 et
506 2775 620 2836 Vlixem
643 2775 824 2860 Antistheni,
857 2773 965 2852 quibus
993 2774 1108 2835 accedit
1130 2773 1279 2860 Epitapbii

1 2893 2 2950 3
103 2873 246 2951 Gorgiani
270 2873 467 2953 fragmentum
497 2876 568 2933 satis
591 2873 711 2952 longum
738 2905 775 2914 —
803 2891 838 2932 ex
863 2872 964 2932 eadem
989 2871 1087 2932 schola
1110 2873 1276 2952 proiectum

1 2999 2 3060 ρ
102 2989 172 3031 esse
196 2979 348 3031 auctorem
372 2966 447 3051 περὶ
470 2961 590 3052 φυσῶν
614 2969 698 3030 lacile
723 2972 918 3049 agnoscimus.

194 3069 333 3130 aduertit
360 3072 390 3130 in
414 3068 513 3130 libello
536 3078 639 3130 nostro
658 3072 787 3146 partitio
810 3070 975 3147 perspicua.
1022 3069 1174 3146 prooemio
1197 3076 1276 3146 post-

101 3187 194 3248 quam
219 3167 255 3228 de
280 3167 344 3227 aliis
363 3166 477 3228 artibus
501 3166 677 3247 quibusdam
701 3167 736 3227 ad
761 3167 938 3227 medicinam
956 3168 1114 3248 trausieuS,
1137 3185 1277 3228 exercen-

1 3297 2 3300 ¹
102 3266 186 3327 tibus
214 3265 335 3345 quidem
361 3263 551 3346 laboriosam,
580 3264 734 3342 utentibus
761 3265 999 3347 saluberrimam,
1027 3284 1060 3324 ea
1088 3283 1163 3344 quae
1189 3284 1276 3326 manu

101 3371 233 3426 tractare
263 3371 416 3443 oporteret
446 3362 540 3424 lucilia
560 3364 625 3424 lieri
648 3365 868 3424 exercitatione·
882 3364 1019 3442 exposuit
1042 3362 1174 3441 sophista
1198 3354 1277 3444 (ὅσα

99 3455 166 3542 μὲν
194 3454 268 3542 γὰρ’
289 3457 526 3542 χειρουργῆσαι
554 3459 620 3539 δελ,
653 3453 709 3542 χρί
741 3459 999 3541 ξννεθισθῆναι·
1046 3452 1083 3520 τὸ
1108 3452 1172 3541 γὰρ
1197 3459 1277 3532 ἔθος
1343 3547 1346 3552 Ι

1 3599 2 3652 3
98 3555 179 3641 τῇσι
210 3552 303 3639 χερσὶ
335 3550 515 3619 κάλλιστον
547 3551 770 3621 διδασκαλίαν
798 3557 925 3638 γίνεται
948 3579 976 3638 p.
1000 3554 1072 3641 90),
1104 3558 1275 3619 difficillima

1 3707 2 3726 ,
99 3677 170 3718 esse
199 3675 275 3736 quae
304 3659 418 3717 ratione
447 3660 591 3736 consequi
620 3655 764 3717 deberent
792 3656 912 3718 medici:
941 3656 1092 3718 doctrinae
1116 3656 1205 3717 huius
1229 3677 1274 3718 re·
1320 3717 1323 3723 ,

98 3755 277 3816 conditioris
300 3773 364 3814 eam
389 3773 508 3834 quoque
532 3757 734 3834 quaestionem
759 3772 824 3814 esse
844 3753 1005 3834 contendit,
1028 3774 1104 3834 quae
1123 3755 1160 3816 de
1179 3774 1276 3818 causo

97 3855 140 3914 sit
169 3851 343 3912 morborum
370 3852 466 3930 deque
490 3855 635 3932 principio
660 3871 693 3913 ac
718 3854 798 3913 sonte
823 3855 957 3932 corporis
987 3852 1131 3913 malorum
1161 3849 1213 3934 (ἓν
1237 3849 1275 3917 δὲ

96 3943 144 4031 δή
174 3970 205 4011 τι
237 3946 305 4010 των
337 3940 499 4011 τοιούτων
528 3943 596 4012 ἐστὶ
629 3943 721 4030 τόδε,
754 3949 789 4010 τί
813 3966 892 4011 ποτε
919 3942 957 4010 τὸ
982 3943 1091 4011 αίτιόν
1115 3946 1183 4012 ἐστι
1205 3951 1274 4014 τῶν

95 4042 236 4110 νούσων
258 4039 314 4107 καὶ
337 4045 386 4119 τίς
408 4038 492 4129 ἀρχὴ
514 4041 570 4109 καλ
594 4039 681 4128 πηγὴ
705 4045 831 4126 γίνεται
853 4043 921 4109 τῶν
945 4042 1050 4133 ἐντῷ
1074 4040 1199 4128 σώματι
1218 4070 1275 4112 κα-

1 4141 2 4158 ¹
94 4143 171 4208 κῶν
199 4164 226 4224 p.
250 4139 317 4227 92).
363 4163 452 4206 unam
485 4155 583 4206 autem
616 4163 682 4206 esse
715 4145 847 4204 omnium
880 4144 915 4205 ad
948 4163 1036 4224 quam
1070 4149 1272 4225 exponendam

95 4245 246 4306 transitur
264 4242 357 4303 altero
377 4245 472 4322 capite
491 4251 632 4304 exeunte:
655 4241 725 4303 ἔστι
748 4235 785 4303 δὲ
803 4241 863 4322 μία
881 4233 1038 4303 ἁπασέων
1060 4237 1195 4307 νούσων
1218 4242 1274 4308 καὶ

96 4337 177 4421 ίδέη
208 4333 263 4400 καὶ
297 4337 385 4422 αἰτίη
418 4331 439 4422 ἡ
472 4331 569 4422 αὐτή·
614 4333 760 4420 ταύτην
793 4333 835 4402 δὲ
866 4331 951 4422 ἥτις
987 4334 1069 4402 ἐστὶ
1105 4334 1170 4402 διδι
1203 4341 1273 4404 τοῦ
