<?xml version="1.0" encoding="UTF-8"?>
<!DOCTYPE html PUBLIC "-//W3C//DTD XHTML 1.0 Transitional//EN"
    "http://www.w3.org/TR/xhtml1/DTD/xhtml1-transitional.dtd">
<html xmlns="http://www.w3.org/1999/xhtml" xml:lang="en" lang="en">
 <head>
  <title>
</title>
<meta http-equiv="Content-Type" content="text/html;charset=utf-8" />
  <meta name='ocr-system' content='tesseract 3.04.00' />
  <meta name='ocr-capabilities' content='ocr_page ocr_carea ocr_par ocr_line ocrx_word'/>
</head>
<body>
  <div class='ocr_page' id='page_1' title='image "./studiapseudippo00ilbegoog_0027.png"; bbox 0 0 2936 4902; ppageno 0'>
   <div class='ocr_carea' id='block_1_1' title="bbox 688 232 907 295">
    <p class='ocr_par' dir='ltr' id='par_1_1' title="bbox 688 232 907 295">
     <span class='ocr_line' id='line_1_1' title="bbox 688 232 907 295; baseline -0.009 -17"><span class='ocrx_word' id='word_1_1' title='bbox 688 232 907 295; x_wconf 57' lang='lat'>..22-</span> 
     </span>
    </p>
   </div>
   <div class='ocr_carea' id='block_1_2' title="bbox 215 390 1396 1359">
    <p class='ocr_par' dir='ltr' id='par_1_2' title="bbox 215 390 1396 1359">
     <span class='ocr_line' id='line_1_2' title="bbox 215 390 1393 478; baseline -0.003 -21"><span class='ocrx_word' id='word_1_2' title='bbox 215 398 255 457; x_wconf 89' lang='lat' dir='ltr'><strong>lX</strong></span> <span class='ocrx_word' id='word_1_3' title='bbox 280 396 314 478; x_wconf 75' lang='lat'><strong>95</strong></span> <span class='ocrx_word' id='word_1_4' title='bbox 353 397 454 478; x_wconf 88' lang='lat' dir='ltr'><strong>Simpl.</strong></span> <span class='ocrx_word' id='word_1_5' title='bbox 478 397 565 476; x_wconf 72' lang='lat' dir='ltr'><strong>Phys.</strong></span> <span class='ocrx_word' id='word_1_6' title='bbox 588 415 616 476; x_wconf 88' lang='lat' dir='ltr'><strong>p.</strong></span> <span class='ocrx_word' id='word_1_7' title='bbox 644 393 719 476; x_wconf 82' lang='lat'><strong>153,</strong></span> <span class='ocrx_word' id='word_1_8' title='bbox 749 393 884 474; x_wconf 77' lang='lat' dir='ltr'><strong>ssDiels3</strong></span> <span class='ocrx_word' id='word_1_9' title='bbox 922 395 1047 473; x_wconf 82' lang='lat' dir='ltr'><strong>lloxogr.</strong></span> <span class='ocrx_word' id='word_1_10' title='bbox 1071 414 1098 473; x_wconf 87' lang='lat' dir='ltr'><strong>p.</strong></span> <span class='ocrx_word' id='word_1_11' title='bbox 1122 390 1200 472; x_wconf 79' lang='lat'><strong>432,</strong></span> <span class='ocrx_word' id='word_1_12' title='bbox 1230 390 1287 474; x_wconf 80' lang='lat'><strong>32)</strong></span> <span class='ocrx_word' id='word_1_13' title='bbox 1313 394 1393 472; x_wconf 88' lang='lat' dir='ltr'><strong>apud</strong></span> 
     </span>
     <span class='ocr_line' id='line_1_3' title="bbox 216 483 1396 576; baseline -0.003 -20"><span class='ocrx_word' id='word_1_14' title='bbox 216 506 352 557; x_wconf 92' lang='lat' dir='ltr'><strong>nostrum</strong></span> <span class='ocrx_word' id='word_1_15' title='bbox 376 495 485 557; x_wconf 78' lang='lat' dir='ltr'><strong>desunt</strong></span> <span class='ocrx_word' id='word_1_16' title='bbox 509 497 634 574; x_wconf 90' lang='lat' dir='ltr'><strong>uestigia</strong></span> <span class='ocrx_word' id='word_1_17' title='bbox 657 489 769 576; x_wconf 79' lang='grc' dir='ltr'><em>(τοῦτο</em></span> <span class='ocrx_word' id='word_1_18' title='bbox 802 491 885 574; x_wconf 85' lang='lat' dir='ltr'><strong>&lt;soil</strong></span> <span class='ocrx_word' id='word_1_19' title='bbox 901 483 946 555; x_wconf 81' lang='grc' dir='ltr'><strong>’τὸ</strong></span> <span class='ocrx_word' id='word_1_20' title='bbox 970 487 1121 572; x_wconf 81' lang='grc' dir='ltr'><em>πνεῦμα)</em></span> <span class='ocrx_word' id='word_1_21' title='bbox 1150 485 1205 552; x_wconf 82' lang='grc' dir='ltr'><strong>καὶ</strong></span> <span class='ocrx_word' id='word_1_22' title='bbox 1228 489 1396 571; x_wconf 85' lang='grc' dir='ltr'><em>χειμῶνος</em></span> 
     </span>
     <span class='ocr_line' id='line_1_4' title="bbox 215 573 1395 678; baseline -0.003 -24"><span class='ocrx_word' id='word_1_23' title='bbox 215 587 271 654; x_wconf 80' lang='grc' dir='ltr'><strong>καὶ</strong></span> <span class='ocrx_word' id='word_1_24' title='bbox 295 586 414 671; x_wconf 77' lang='grc' dir='ltr'><em>θέρεος</em></span> <span class='ocrx_word' id='word_1_25' title='bbox 438 593 562 671; x_wconf 76' lang='grc' dir='ltr'><em>αἴτιον,</em></span> <span class='ocrx_word' id='word_1_26' title='bbox 591 588 627 653; x_wconf 87' lang='grc' dir='ltr'><em>έν</em></span> <span class='ocrx_word' id='word_1_27' title='bbox 651 584 712 671; x_wconf 79' lang='grc' dir='ltr'><em>μέν</em></span> <span class='ocrx_word' id='word_1_28' title='bbox 735 573 780 678; x_wconf 63' lang='lat' dir='ltr'><strong>ubi</strong></span> <span class='ocrx_word' id='word_1_29' title='bbox 805 589 943 672; x_wconf 77' lang='grc' dir='ltr'><em>χειμῶνι</em></span> <span class='ocrx_word' id='word_1_30' title='bbox 966 581 1119 651; x_wconf 85' lang='grc' dir='ltr'><em>πυκνὸν</em></span> <span class='ocrx_word' id='word_1_31' title='bbox 1147 583 1211 651; x_wconf 79' lang='grc' dir='ltr'><strong>καὶ</strong></span> <span class='ocrx_word' id='word_1_32' title='bbox 1235 582 1395 671; x_wconf 77' lang='grc' dir='ltr'><em>ψυχρόν</em></span> 
     </span>
     <span class='ocr_line' id='line_1_5' title="bbox 216 681 1395 775; baseline -0.003 -23"><span class='ocrx_word' id='word_1_33' title='bbox 216 683 413 771; x_wconf 83' lang='grc' dir='ltr'><em>γινόμενον,</em></span> <span class='ocrx_word' id='word_1_34' title='bbox 438 687 474 750; x_wconf 82' lang='grc' dir='ltr'><strong>ε”ν</strong></span> <span class='ocrx_word' id='word_1_35' title='bbox 498 687 600 775; x_wconf 78' lang='grc' dir='ltr'><em>τιτῷ</em></span> <span class='ocrx_word' id='word_1_36' title='bbox 623 685 718 770; x_wconf 79' lang='grc' dir='ltr'><em>θέρει</em></span> <span class='ocrx_word' id='word_1_37' title='bbox 741 683 909 771; x_wconf 78' lang='grc' dir='ltr'><em>κρηόκαὶ</em></span> <span class='ocrx_word' id='word_1_38' title='bbox 932 681 1080 769; x_wconf 78' lang='grc' dir='ltr'><em>γαληνόν</em></span> <span class='ocrx_word' id='word_1_39' title='bbox 1104 708 1131 768; x_wconf 94' lang='lat' dir='ltr'><strong>p.</strong></span> <span class='ocrx_word' id='word_1_40' title='bbox 1156 685 1228 775; x_wconf 84' lang='lat'><strong>94),</strong></span> <span class='ocrx_word' id='word_1_41' title='bbox 1252 689 1395 770; x_wconf 92' lang='lat' dir='ltr'><strong>quodque</strong></span> 
     </span>
     <span class='ocr_line' id='line_1_6' title="bbox 217 781 1394 869; baseline -0.003 -20"><span class='ocrx_word' id='word_1_42' title='bbox 217 799 248 849; x_wconf 87' lang='lat' dir='ltr'><strong>et</strong></span> <span class='ocrx_word' id='word_1_43' title='bbox 271 789 348 867; x_wconf 91' lang='lat' dir='ltr'><strong>apud</strong></span> <span class='ocrx_word' id='word_1_44' title='bbox 368 788 529 867; x_wconf 82' lang='lat' dir='ltr'>Diogenem</span> <span class='ocrx_word' id='word_1_45' title='bbox 549 795 579 847; x_wconf 90' lang='lat' dir='ltr'><strong>et</strong></span> <span class='ocrx_word' id='word_1_46' title='bbox 597 788 673 866; x_wconf 91' lang='lat' dir='ltr'><strong>apud</strong></span> <span class='ocrx_word' id='word_1_47' title='bbox 694 796 846 848; x_wconf 74' lang='lat' dir='ltr'><strong>auctorem</strong></span> <span class='ocrx_word' id='word_1_48' title='bbox 870 781 945 869; x_wconf 82' lang='grc' dir='ltr'><em>περὶ</em></span> <span class='ocrx_word' id='word_1_49' title='bbox 969 784 1089 867; x_wconf 90' lang='grc' dir='ltr'><em>φυσῶν</em></span> <span class='ocrx_word' id='word_1_50' title='bbox 1112 799 1287 867; x_wconf 88' lang='lat' dir='ltr'><strong>argumento</strong></span> <span class='ocrx_word' id='word_1_51' title='bbox 1307 787 1394 847; x_wconf 87' lang='lat' dir='ltr'><strong>alier-</strong></span> 
     </span>
     <span class='ocr_line' id='line_1_7' title="bbox 216 884 1395 968; baseline -0.003 -21"><span class='ocrx_word' id='word_1_52' title='bbox 216 897 266 948; x_wconf 91' lang='lat' dir='ltr'><strong>tur</strong></span> <span class='ocrx_word' id='word_1_53' title='bbox 291 885 363 946; x_wconf 88' lang='lat' dir='ltr'><strong>baec</strong></span> <span class='ocrx_word' id='word_1_54' title='bbox 383 905 440 968; x_wconf 88' lang='lat' dir='ltr'><strong>res,</strong></span> <span class='ocrx_word' id='word_1_55' title='bbox 464 885 542 964; x_wconf 91' lang='lat' dir='ltr'><strong>quod</strong></span> <span class='ocrx_word' id='word_1_56' title='bbox 563 903 631 945; x_wconf 88' lang='lat' dir='ltr'><strong>aere</strong></span> <span class='ocrx_word' id='word_1_57' title='bbox 651 884 733 945; x_wconf 89' lang='lat' dir='ltr'><strong>uitali</strong></span> <span class='ocrx_word' id='word_1_58' title='bbox 754 887 857 946; x_wconf 86' lang='lat' dir='ltr'><strong>uiuant</strong></span> <span class='ocrx_word' id='word_1_59' title='bbox 875 884 1020 965; x_wconf 90' lang='lat' dir='ltr'><strong>homines,</strong></span> <span class='ocrx_word' id='word_1_60' title='bbox 1044 886 1108 944; x_wconf 88' lang='lat' dir='ltr'><strong>sine</strong></span> <span class='ocrx_word' id='word_1_61' title='bbox 1129 904 1187 964; x_wconf 92' lang='lat' dir='ltr'><strong>quo</strong></span> <span class='ocrx_word' id='word_1_62' title='bbox 1208 905 1245 947; x_wconf 92' lang='lat' dir='ltr'><strong>ne</strong></span> <span class='ocrx_word' id='word_1_63' title='bbox 1265 904 1395 964; x_wconf 90' lang='lat' dir='ltr'><strong>paruum</strong></span> 
     </span>
     <span class='ocr_line' id='line_1_8' title="bbox 217 975 1395 1064; baseline -0.003 -19"><span class='ocrx_word' id='word_1_64' title='bbox 217 984 337 1064; x_wconf 90' lang='lat' dir='ltr'><strong>quidem</strong></span> <span class='ocrx_word' id='word_1_65' title='bbox 366 985 508 1062; x_wconf 89' lang='lat' dir='ltr'><strong>temporis</strong></span> <span class='ocrx_word' id='word_1_66' title='bbox 539 985 666 1062; x_wconf 89' lang='lat' dir='ltr'><strong>spatium</strong></span> <span class='ocrx_word' id='word_1_67' title='bbox 695 982 859 1044; x_wconf 79' lang='lat' dir='ltr'><strong>subsistere</strong></span> <span class='ocrx_word' id='word_1_68' title='bbox 887 991 998 1061; x_wconf 81' lang='lat' dir='ltr'>queant</span> <span class='ocrx_word' id='word_1_69' title='bbox 1025 975 1076 1063; x_wconf 87' lang='lat' dir='ltr'><strong>(cl.</strong></span> <span class='ocrx_word' id='word_1_70' title='bbox 1105 982 1186 1062; x_wconf 89' lang='lat' dir='ltr'><strong>Diog.</strong></span> <span class='ocrx_word' id='word_1_71' title='bbox 1215 1002 1259 1063; x_wconf 93' lang='lat' dir='ltr'><strong>ap.</strong></span> <span class='ocrx_word' id='word_1_72' title='bbox 1290 981 1395 1062; x_wconf 84' lang='lat' dir='ltr'><strong>Sinrpl.</strong></span> 
     </span>
     <span class='ocr_line' id='line_1_9' title="bbox 216 1074 1394 1164; baseline -0.002 -22"><span class='ocrx_word' id='word_1_73' title='bbox 216 1103 242 1162; x_wconf 90' lang='lat' dir='ltr'><strong>p.</strong></span> <span class='ocrx_word' id='word_1_74' title='bbox 270 1078 346 1164; x_wconf 79' lang='lat'><strong>152,</strong></span> <span class='ocrx_word' id='word_1_75' title='bbox 378 1079 416 1144; x_wconf 85' lang='lat'><strong>18</strong></span> <span class='ocrx_word' id='word_1_76' title='bbox 445 1080 539 1162; x_wconf 86' lang='lat' dir='ltr'><strong>Diels;</strong></span> <span class='ocrx_word' id='word_1_77' title='bbox 572 1080 720 1159; x_wconf 88' lang='lat' dir='ltr'><strong>Theophr.</strong></span> <span class='ocrx_word' id='word_1_78' title='bbox 746 1082 782 1141; x_wconf 89' lang='lat' dir='ltr'><strong>de</strong></span> <span class='ocrx_word' id='word_1_79' title='bbox 807 1081 890 1141; x_wconf 81' lang='lat' dir='ltr'><strong>Sene.</strong></span> <span class='ocrx_word' id='word_1_80' title='bbox 914 1100 942 1159; x_wconf 92' lang='lat' dir='ltr'><strong>p.</strong></span> <span class='ocrx_word' id='word_1_81' title='bbox 966 1077 1045 1161; x_wconf 83' lang='lat'><strong>510,</strong></span> <span class='ocrx_word' id='word_1_82' title='bbox 1073 1077 1115 1142; x_wconf 84' lang='lat'><strong>39</strong></span> <span class='ocrx_word' id='word_1_83' title='bbox 1139 1081 1279 1162; x_wconf 80' lang='lat' dir='ltr'><strong>Doxogr.;</strong></span> <span class='ocrx_word' id='word_1_84' title='bbox 1316 1074 1394 1159; x_wconf 82' lang='grc' dir='ltr'><em>περὶ</em></span> 
     </span>
     <span class='ocr_line' id='line_1_10' title="bbox 216 1176 1396 1260; baseline -0.002 -20"><span class='ocrx_word' id='word_1_85' title='bbox 216 1176 335 1260; x_wconf 97' lang='grc' dir='ltr'><em>φυσῶν</em></span> <span class='ocrx_word' id='word_1_86' title='bbox 363 1197 425 1258; x_wconf 89' lang='lat' dir='ltr'><strong>cap.</strong></span> <span class='ocrx_word' id='word_1_87' title='bbox 450 1177 515 1260; x_wconf 86' lang='lat' dir='ltr'><strong>lV),</strong></span> <span class='ocrx_word' id='word_1_88' title='bbox 545 1196 602 1257; x_wconf 90' lang='lat' dir='ltr'><strong>qua</strong></span> <span class='ocrx_word' id='word_1_89' title='bbox 632 1180 746 1240; x_wconf 90' lang='lat' dir='ltr'><strong>ratione</strong></span> <span class='ocrx_word' id='word_1_90' title='bbox 775 1181 846 1239; x_wconf 90' lang='lat' dir='ltr'><strong>item</strong></span> <span class='ocrx_word' id='word_1_91' title='bbox 875 1178 967 1238; x_wconf 87' lang='lat' dir='ltr'><strong>solem</strong></span> <span class='ocrx_word' id='word_1_92' title='bbox 996 1177 1096 1238; x_wconf 87' lang='lat' dir='ltr'><strong>luuarn</strong></span> <span class='ocrx_word' id='word_1_93' title='bbox 1119 1178 1224 1240; x_wconf 87' lang='lat' dir='ltr'><strong>stellas</strong></span> <span class='ocrx_word' id='word_1_94' title='bbox 1249 1182 1396 1241; x_wconf 77' lang='lat' dir='ltr'><strong>sustineri</strong></span> 
     </span>
     <span class='ocr_line' id='line_1_11' title="bbox 217 1265 1395 1359; baseline 0.001 -22"><span class='ocrx_word' id='word_1_95' title='bbox 217 1278 297 1338; x_wconf 90' lang='lat' dir='ltr'><strong>addit</strong></span> <span class='ocrx_word' id='word_1_96' title='bbox 324 1277 456 1356; x_wconf 84' lang='lat' dir='ltr'><strong>sophista</strong></span> <span class='ocrx_word' id='word_1_97' title='bbox 489 1265 588 1359; x_wconf 75' lang='lat' dir='ltr'><strong>(oillei</strong></span> <span class='ocrx_word' id='word_1_98' title='bbox 622 1272 688 1356; x_wconf 80' lang='grc' dir='ltr'><strong>μὴν</strong></span> <span class='ocrx_word' id='word_1_99' title='bbox 721 1267 819 1356; x_wconf 77' lang='grc' dir='ltr'><em>ἡλίου</em></span> <span class='ocrx_word' id='word_1_100' title='bbox 846 1295 880 1338; x_wconf 82' lang='grc' dir='ltr'><strong>τε</strong></span> <span class='ocrx_word' id='word_1_101' title='bbox 911 1269 965 1336; x_wconf 84' lang='grc' dir='ltr'><strong>καὶ</strong></span> <span class='ocrx_word' id='word_1_102' title='bbox 999 1268 1140 1356; x_wconf 78' lang='grc' dir='ltr'><em>σελήνης</em></span> <span class='ocrx_word' id='word_1_103' title='bbox 1171 1271 1227 1338; x_wconf 87' lang='grc' dir='ltr'><strong>καὶ</strong></span> <span class='ocrx_word' id='word_1_104' title='bbox 1260 1269 1395 1356; x_wconf 79' lang='grc' dir='ltr'><strong><em>ἄστρων</em></strong></span> 
     </span>
    </p>
   </div>
   <div class='ocr_carea' id='block_1_3' title="bbox 67 1365 1396 1588">
    <p class='ocr_par' dir='ltr' id='par_1_3' title="bbox 67 1365 1396 1588">
     <span class='ocr_line' id='line_1_12' title="bbox 104 1365 1396 1462; baseline -0.002 -26"><span class='ocrx_word' id='word_1_105' title='bbox 104 1403 114 1428; x_wconf 71' lang='grc' dir='ltr'><em>ι</em></span> <span class='ocrx_word' id='word_1_106' title='bbox 158 1449 161 1456; x_wconf 91' lang='lat'><strong>.</strong></span> <span class='ocrx_word' id='word_1_107' title='bbox 189 1389 192 1448; x_wconf 70' lang='lat' dir='ltr'><strong>t</strong></span> <span class='ocrx_word' id='word_1_108' title='bbox 220 1367 300 1448; x_wconf 80' lang='grc' dir='ltr'><em>ὁδὸς</em></span> <span class='ocrx_word' id='word_1_109' title='bbox 323 1371 378 1435; x_wconf 78' lang='grc' dir='ltr'><strong>διὰ</strong></span> <span class='ocrx_word' id='word_1_110' title='bbox 399 1370 459 1435; x_wconf 80' lang='grc' dir='ltr'><strong>τοῦ</strong></span> <span class='ocrx_word' id='word_1_111' title='bbox 479 1366 666 1462; x_wconf 79' lang='grc' dir='ltr'><em>πνεύματός</em></span> <span class='ocrx_word' id='word_1_112' title='bbox 685 1369 787 1435; x_wconf 87' lang='grc' dir='ltr'><em>ἐστιν·</em></span> <span class='ocrx_word' id='word_1_113' title='bbox 818 1370 863 1458; x_wconf 80' lang='grc' dir='ltr'><strong>τῷ</strong></span> <span class='ocrx_word' id='word_1_114' title='bbox 883 1365 946 1454; x_wconf 75' lang='grc' dir='ltr'><strong>γὰρ</strong></span> <span class='ocrx_word' id='word_1_115' title='bbox 965 1367 1045 1455; x_wconf 80' lang='grc' dir='ltr'><em>πυρὶ</em></span> <span class='ocrx_word' id='word_1_116' title='bbox 1064 1365 1102 1435; x_wconf 85' lang='grc' dir='ltr'><strong>τὸ</strong></span> <span class='ocrx_word' id='word_1_117' title='bbox 1121 1371 1252 1457; x_wconf 51' lang='lat' dir='ltr'><strong>nemppe</strong></span> <span class='ocrx_word' id='word_1_118' title='bbox 1270 1367 1396 1456; x_wconf 79' lang='grc' dir='ltr'><em>τροφή’</em></span> 
     </span>
     <span class='ocr_line' id='line_1_13' title="bbox 77 1459 1396 1578; baseline -0.003 -44"><span class='ocrx_word' id='word_1_119' title='bbox 77 1532 136 1578; x_wconf 36' lang='grc' dir='ltr'><em>Ν</em></span> <span class='ocrx_word' id='word_1_120' title='bbox 194 1541 195 1549; x_wconf 31' lang='lat'><strong>,</strong></span> <span class='ocrx_word' id='word_1_121' title='bbox 217 1471 278 1534; x_wconf 83' lang='grc' dir='ltr'><strong>τοῦ</strong></span> <span class='ocrx_word' id='word_1_122' title='bbox 302 1465 339 1533; x_wconf 73' lang='grc' dir='ltr'><strong>δὲ</strong></span> <span class='ocrx_word' id='word_1_123' title='bbox 362 1461 549 1552; x_wconf 85' lang='grc' dir='ltr'><em>πνεύματος</em></span> <span class='ocrx_word' id='word_1_124' title='bbox 571 1464 609 1533; x_wconf 87' lang='grc' dir='ltr'><strong>τὸ</strong></span> <span class='ocrx_word' id='word_1_125' title='bbox 633 1468 700 1553; x_wconf 81' lang='grc' dir='ltr'><strong>πῦρ</strong></span> <span class='ocrx_word' id='word_1_126' title='bbox 720 1463 884 1553; x_wconf 73' lang='grc' dir='ltr'><em>στερηθέν</em></span> <span class='ocrx_word' id='word_1_127' title='bbox 905 1461 965 1532; x_wconf 82' lang='grc' dir='ltr'><strong>οὐκ</strong></span> <span class='ocrx_word' id='word_1_128' title='bbox 985 1459 1027 1532; x_wconf 81' lang='lat' dir='ltr'><strong>dv</strong></span> <span class='ocrx_word' id='word_1_129' title='bbox 1047 1463 1185 1533; x_wconf 75' lang='grc' dir='ltr'><em>δύναιτο</em></span> <span class='ocrx_word' id='word_1_130' title='bbox 1207 1469 1277 1554; x_wconf 75' lang='grc' dir='ltr'><em>ζῇν·</em></span> <span class='ocrx_word' id='word_1_131' title='bbox 1309 1463 1396 1532; x_wconf 82' lang='grc' dir='ltr'><em>ῶστε</em></span> 
     </span>
     <span class='ocr_line' id='line_1_14' title="bbox 67 1563 71 1588; baseline 0 0"><span class='ocrx_word' id='word_1_132' title='bbox 67 1563 71 1588; x_wconf 83' lang='grc'><strong>1</strong></span> 
     </span>
    </p>
   </div>
   <div class='ocr_carea' id='block_1_4' title="bbox 89 1557 1401 3608">
    <p class='ocr_par' dir='ltr' id='par_1_4' title="bbox 197 1557 1397 1650">
     <span class='ocr_line' id='line_1_15' title="bbox 197 1557 1397 1650; baseline -0.003 -19"><span class='ocrx_word' id='word_1_133' title='bbox 197 1564 272 1631; x_wconf 59' lang='grc' dir='ltr'><strong>1καὶ</strong></span> <span class='ocrx_word' id='word_1_134' title='bbox 296 1561 356 1632; x_wconf 88' lang='grc' dir='ltr'><strong>τὸν</strong></span> <span class='ocrx_word' id='word_1_135' title='bbox 379 1567 439 1631; x_wconf 83' lang='grc' dir='ltr'><strong>τοῦ</strong></span> <span class='ocrx_word' id='word_1_136' title='bbox 463 1559 561 1650; x_wconf 81' lang='grc' dir='ltr'><em>ἡλίου</em></span> <span class='ocrx_word' id='word_1_137' title='bbox 585 1560 714 1650; x_wconf 81' lang='grc' dir='ltr'><em>όρόμον</em></span> <span class='ocrx_word' id='word_1_138' title='bbox 738 1557 884 1628; x_wconf 75' lang='grc' dir='ltr'><em>οἶένναον</em></span> <span class='ocrx_word' id='word_1_139' title='bbox 908 1558 926 1629; x_wconf 90' lang='grc' dir='ltr'><em>ό</em></span> <span class='ocrx_word' id='word_1_140' title='bbox 951 1557 1016 1649; x_wconf 80' lang='grc' dir='ltr'><strong>ἀὴρ</strong></span> <span class='ocrx_word' id='word_1_141' title='bbox 1041 1559 1184 1642; x_wconf 80' lang='grc' dir='ltr'><em>ἀένναος</em></span> <span class='ocrx_word' id='word_1_142' title='bbox 1202 1562 1259 1630; x_wconf 80' lang='grc' dir='ltr'><strong>καὶ</strong></span> <span class='ocrx_word' id='word_1_143' title='bbox 1278 1559 1397 1642; x_wconf 83' lang='grc' dir='ltr'><em>λεπτός</em></span> 
     </span>
    </p>

    <p class='ocr_par' dir='ltr' id='par_1_5' title="bbox 89 1654 1401 3608">
     <span class='ocr_line' id='line_1_16' title="bbox 89 1654 956 1749; baseline -0.008 -14"><span class='ocrx_word' id='word_1_144' title='bbox 89 1711 94 1735; x_wconf 81' lang='lat' dir='ltr'><strong>l</strong></span> <span class='ocrx_word' id='word_1_145' title='bbox 219 1658 284 1730; x_wconf 88' lang='grc' dir='ltr'><em>έῶν</em></span> <span class='ocrx_word' id='word_1_146' title='bbox 307 1663 482 1749; x_wconf 87' lang='grc' dir='ltr'><em>παρέχεται</em></span> <span class='ocrx_word' id='word_1_147' title='bbox 504 1686 533 1746; x_wconf 88' lang='lat' dir='ltr'><strong>p.</strong></span> <span class='ocrx_word' id='word_1_148' title='bbox 557 1659 623 1747; x_wconf 83' lang='lat'><strong>94).</strong></span> <span class='ocrx_word' id='word_1_149' title='bbox 914 1654 956 1690; x_wconf 48' lang='grc' dir='ltr'><em>Γ</em></span> 
     </span>
     <span class='ocr_line' id='line_1_17' title="bbox 148 1757 1397 1845; baseline 0.001 -20"><span class='ocrx_word' id='word_1_150' title='bbox 148 1782 152 1790; x_wconf 92' lang='grc'>·</span> <span class='ocrx_word' id='word_1_151' title='bbox 308 1766 388 1826; x_wconf 90' lang='lat' dir='ltr'><strong>Talia</strong></span> <span class='ocrx_word' id='word_1_152' title='bbox 412 1772 568 1844; x_wconf 91' lang='lat' dir='ltr'><strong>postquam</strong></span> <span class='ocrx_word' id='word_1_153' title='bbox 592 1765 745 1843; x_wconf 86' lang='lat' dir='ltr'><strong>praemisit</strong></span> <span class='ocrx_word' id='word_1_154' title='bbox 768 1771 872 1825; x_wconf 89' lang='lat' dir='ltr'><strong>auctor</strong></span> <span class='ocrx_word' id='word_1_155' title='bbox 895 1757 970 1845; x_wconf 82' lang='grc' dir='ltr'><em>περὶ</em></span> <span class='ocrx_word' id='word_1_156' title='bbox 993 1761 1129 1843; x_wconf 90' lang='grc' dir='ltr'><em>φυσῶν,</em></span> <span class='ocrx_word' id='word_1_157' title='bbox 1153 1784 1252 1826; x_wconf 87' lang='lat' dir='ltr'><strong>aerem</strong></span> <span class='ocrx_word' id='word_1_158' title='bbox 1277 1765 1397 1826; x_wconf 92' lang='lat' dir='ltr'><strong>morbo-</strong></span> 
     </span>
     <span class='ocr_line' id='line_1_18' title="bbox 127 1855 1396 1945; baseline -0.001 -20"><span class='ocrx_word' id='word_1_159' title='bbox 127 1857 128 1864; x_wconf 56' lang='lat'><em>&#39;</em></span> <span class='ocrx_word' id='word_1_160' title='bbox 218 1883 287 1926; x_wconf 89' lang='lat' dir='ltr'><strong>rum</strong></span> <span class='ocrx_word' id='word_1_161' title='bbox 315 1881 433 1925; x_wconf 89' lang='lat' dir='ltr'><strong>causam</strong></span> <span class='ocrx_word' id='word_1_162' title='bbox 462 1881 528 1923; x_wconf 92' lang='lat' dir='ltr'><strong>esse</strong></span> <span class='ocrx_word' id='word_1_163' title='bbox 555 1863 688 1922; x_wconf 91' lang='lat' dir='ltr'><strong>omnium</strong></span> <span class='ocrx_word' id='word_1_164' title='bbox 717 1860 979 1922; x_wconf 89' lang='lat' dir='ltr'><strong>demonstrandum</strong></span> <span class='ocrx_word' id='word_1_165' title='bbox 1009 1864 1134 1942; x_wconf 84' lang='lat' dir='ltr'><strong>suscipit</strong></span> <span class='ocrx_word' id='word_1_166' title='bbox 1162 1855 1328 1945; x_wconf 78' lang='grc' dir='ltr'><strong><em>(ἐπιδείξω</em></strong></span> <span class='ocrx_word' id='word_1_167' title='bbox 1354 1855 1396 1924; x_wconf 82' lang='grc' dir='ltr'><strong>τὰ</strong></span> 
     </span>
     <span class='ocr_line' id='line_1_19' title="bbox 218 1950 1397 2048; baseline 0 -25"><span class='ocrx_word' id='word_1_168' title='bbox 218 1953 390 2041; x_wconf 85' lang='grc' dir='ltr'><em>νοσήματα</em></span> <span class='ocrx_word' id='word_1_169' title='bbox 413 1953 536 2022; x_wconf 86' lang='grc' dir='ltr'><em>τούτου</em></span> <span class='ocrx_word' id='word_1_170' title='bbox 560 1950 711 2039; x_wconf 75' lang='grc' dir='ltr'><em>οἱκόνονά</em></span> <span class='ocrx_word' id='word_1_171' title='bbox 733 1980 768 2022; x_wconf 82' lang='grc' dir='ltr'><strong>τε</strong></span> <span class='ocrx_word' id='word_1_172' title='bbox 791 1954 845 2020; x_wconf 79' lang='grc' dir='ltr'><strong>καὶ</strong></span> <span class='ocrx_word' id='word_1_173' title='bbox 874 1959 994 2040; x_wconf 82' lang='grc' dir='ltr'><em>ἔκγονα</em></span> <span class='ocrx_word' id='word_1_174' title='bbox 1016 1953 1126 2023; x_wconf 74' lang='grc' dir='ltr'><em>κιόντα</em></span> <span class='ocrx_word' id='word_1_175' title='bbox 1154 1953 1251 2048; x_wconf 84' lang='grc' dir='ltr'><em>ἐόντα</em></span> <span class='ocrx_word' id='word_1_176' title='bbox 1275 1982 1302 2041; x_wconf 88' lang='grc' dir='ltr'><strong>μ.</strong></span> <span class='ocrx_word' id='word_1_177' title='bbox 1327 1958 1397 2045; x_wconf 85' lang='grc'>96).</span> 
     </span>
     <span class='ocr_line' id='line_1_20' title="bbox 220 2058 1398 2140; baseline 0 -20"><span class='ocrx_word' id='word_1_178' title='bbox 220 2058 367 2139; x_wconf 81' lang='lat' dir='ltr'><strong>capitibus</strong></span> <span class='ocrx_word' id='word_1_179' title='bbox 390 2058 458 2118; x_wconf 93' lang='lat' dir='ltr'><strong>inde</strong></span> <span class='ocrx_word' id='word_1_180' title='bbox 483 2078 498 2118; x_wconf 90' lang='lat' dir='ltr'><strong>a</strong></span> <span class='ocrx_word' id='word_1_181' title='bbox 523 2067 605 2119; x_wconf 85' lang='lat' dir='ltr'><strong>sexto</strong></span> <span class='ocrx_word' id='word_1_182' title='bbox 629 2059 780 2137; x_wconf 88' lang='lat' dir='ltr'><strong>usquead</strong></span> <span class='ocrx_word' id='word_1_183' title='bbox 805 2077 915 2119; x_wconf 91' lang='lat' dir='ltr'><strong>nonum</strong></span> <span class='ocrx_word' id='word_1_184' title='bbox 940 2063 999 2139; x_wconf 91' lang='lat' dir='ltr'><strong>agit</strong></span> <span class='ocrx_word' id='word_1_185' title='bbox 1017 2062 1053 2120; x_wconf 92' lang='lat' dir='ltr'><strong>de</strong></span> <span class='ocrx_word' id='word_1_186' title='bbox 1078 2059 1224 2140; x_wconf 83' lang='lat' dir='ltr'><strong>febribus,</strong></span> <span class='ocrx_word' id='word_1_187' title='bbox 1246 2061 1283 2119; x_wconf 89' lang='lat' dir='ltr'><strong>de</strong></span> <span class='ocrx_word' id='word_1_188' title='bbox 1303 2063 1398 2140; x_wconf 91' lang='lat' dir='ltr'><strong>pesti-</strong></span> 
     </span>
     <span class='ocr_line' id='line_1_21' title="bbox 219 2146 1398 2240; baseline 0 -22"><span class='ocrx_word' id='word_1_189' title='bbox 219 2158 310 2218; x_wconf 89' lang='lat' dir='ltr'><strong>lentia</strong></span> <span class='ocrx_word' id='word_1_190' title='bbox 339 2155 453 2217; x_wconf 89' lang='lat' dir='ltr'><strong>scilicet</strong></span> <span class='ocrx_word' id='word_1_191' title='bbox 481 2147 514 2240; x_wconf 83' lang='grc' dir='ltr'><strong>(ὁ</strong></span> <span class='ocrx_word' id='word_1_192' title='bbox 542 2146 656 2229; x_wconf 90' lang='grc' dir='ltr'><em>κοινός</em></span> <span class='ocrx_word' id='word_1_193' title='bbox 689 2147 791 2217; x_wconf 78' lang='grc' dir='ltr'><em>ἅπασι</em></span> <span class='ocrx_word' id='word_1_194' title='bbox 824 2149 1023 2237; x_wconf 76' lang='grc' dir='ltr'><em>καλεόμενος</em></span> <span class='ocrx_word' id='word_1_195' title='bbox 1053 2150 1197 2240; x_wconf 82' lang='grc' dir='ltr'><em>λοιμός),</em></span> <span class='ocrx_word' id='word_1_196' title='bbox 1226 2160 1302 2218; x_wconf 91' lang='lat' dir='ltr'><strong>aeris</strong></span> <span class='ocrx_word' id='word_1_197' title='bbox 1330 2178 1398 2218; x_wconf 92' lang='lat' dir='ltr'><strong>cor-</strong></span> 
     </span>
     <span class='ocr_line' id='line_1_22' title="bbox 221 2254 1397 2336; baseline -0.001 -19"><span class='ocrx_word' id='word_1_198' title='bbox 221 2257 361 2334; x_wconf 87' lang='lat' dir='ltr'><strong>ruptione</strong></span> <span class='ocrx_word' id='word_1_199' title='bbox 385 2257 552 2336; x_wconf 79' lang='lat' dir='ltr'><strong>exoriente,</strong></span> <span class='ocrx_word' id='word_1_200' title='bbox 576 2254 672 2333; x_wconf 91' lang='lat' dir='ltr'><strong>deque</strong></span> <span class='ocrx_word' id='word_1_201' title='bbox 697 2257 740 2315; x_wconf 88' lang='lat' dir='ltr'><strong>eis</strong></span> <span class='ocrx_word' id='word_1_202' title='bbox 763 2274 838 2334; x_wconf 90' lang='lat' dir='ltr'><strong>quae</strong></span> <span class='ocrx_word' id='word_1_203' title='bbox 862 2274 972 2335; x_wconf 91' lang='lat' dir='ltr'><strong>prauae</strong></span> <span class='ocrx_word' id='word_1_204' title='bbox 997 2257 1095 2316; x_wconf 90' lang='lat' dir='ltr'><strong>uictus</strong></span> <span class='ocrx_word' id='word_1_205' title='bbox 1119 2257 1226 2316; x_wconf 88' lang='lat' dir='ltr'><strong>rationi</strong></span> <span class='ocrx_word' id='word_1_206' title='bbox 1250 2257 1397 2334; x_wconf 87' lang='lat' dir='ltr'><strong>originem</strong></span> 
     </span>
     <span class='ocr_line' id='line_1_23' title="bbox 221 2352 1399 2432; baseline 0.001 -19"><span class='ocrx_word' id='word_1_207' title='bbox 221 2353 365 2414; x_wconf 88' lang='lat' dir='ltr'><strong>debentes</strong></span> <span class='ocrx_word' id='word_1_208' title='bbox 392 2355 481 2414; x_wconf 93' lang='lat' dir='ltr'><strong>nimia</strong></span> <span class='ocrx_word' id='word_1_209' title='bbox 510 2355 587 2414; x_wconf 88' lang='lat' dir='ltr'><strong>aeris</strong></span> <span class='ocrx_word' id='word_1_210' title='bbox 615 2352 804 2414; x_wconf 88' lang='lat' dir='ltr'><strong>multitudiue</strong></span> <span class='ocrx_word' id='word_1_211' title='bbox 828 2371 886 2413; x_wconf 90' lang='lat' dir='ltr'><strong>una</strong></span> <span class='ocrx_word' id='word_1_212' title='bbox 910 2372 977 2414; x_wconf 91' lang='lat' dir='ltr'><strong>cum</strong></span> <span class='ocrx_word' id='word_1_213' title='bbox 1007 2353 1081 2414; x_wconf 87' lang='lat' dir='ltr'><strong>cibis</strong></span> <span class='ocrx_word' id='word_1_214' title='bbox 1109 2352 1339 2432; x_wconf 84' lang='lat' dir='ltr'><strong>potionibusque</strong></span> <span class='ocrx_word' id='word_1_215' title='bbox 1367 2356 1399 2414; x_wconf 92' lang='lat' dir='ltr'><strong>in</strong></span> 
     </span>
     <span class='ocr_line' id='line_1_24' title="bbox 222 2443 1399 2533; baseline 0.001 -22"><span class='ocrx_word' id='word_1_216' title='bbox 222 2469 332 2530; x_wconf 90' lang='lat' dir='ltr'><strong>corpus</strong></span> <span class='ocrx_word' id='word_1_217' title='bbox 356 2459 476 2530; x_wconf 90' lang='lat' dir='ltr'><strong>recepta</strong></span> <span class='ocrx_word' id='word_1_218' title='bbox 501 2451 675 2511; x_wconf 82' lang='lat' dir='ltr'><strong>efficiantur.</strong></span> <span class='ocrx_word' id='word_1_219' title='bbox 723 2470 782 2530; x_wconf 92' lang='lat' dir='ltr'><strong>quo</strong></span> <span class='ocrx_word' id='word_1_220' title='bbox 806 2451 893 2512; x_wconf 90' lang='lat' dir='ltr'><strong>modo</strong></span> <span class='ocrx_word' id='word_1_221' title='bbox 917 2451 1059 2513; x_wconf 90' lang='lat' dir='ltr'><strong>horrores</strong></span> <span class='ocrx_word' id='word_1_222' title='bbox 1084 2443 1230 2533; x_wconf 77' lang='grc' dir='ltr'><em>(φρῖκαι)</em></span> <span class='ocrx_word' id='word_1_223' title='bbox 1255 2451 1399 2530; x_wconf 83' lang='lat' dir='ltr'><strong>explicari</strong></span> 
     </span>
     <span class='ocr_line' id='line_1_25' title="bbox 223 2541 1400 2630; baseline 0 -20"><span class='ocrx_word' id='word_1_224' title='bbox 223 2549 329 2629; x_wconf 82' lang='lat' dir='ltr'><strong>frigida</strong></span> <span class='ocrx_word' id='word_1_225' title='bbox 354 2551 430 2610; x_wconf 89' lang='lat' dir='ltr'><strong>aeris</strong></span> <span class='ocrx_word' id='word_1_226' title='bbox 455 2558 560 2610; x_wconf 89' lang='lat' dir='ltr'><strong>natura</strong></span> <span class='ocrx_word' id='word_1_227' title='bbox 584 2557 791 2628; x_wconf 88' lang='lat' dir='ltr'><strong>tremoresque</strong></span> <span class='ocrx_word' id='word_1_228' title='bbox 819 2541 964 2630; x_wconf 80' lang='grc' dir='ltr'><em>(τρόμοι)</em></span> <span class='ocrx_word' id='word_1_229' title='bbox 995 2567 1063 2609; x_wconf 87' lang='lat' dir='ltr'><strong>cum</strong></span> <span class='ocrx_word' id='word_1_230' title='bbox 1087 2548 1221 2609; x_wconf 87' lang='lat' dir='ltr'><strong>febribus</strong></span> <span class='ocrx_word' id='word_1_231' title='bbox 1244 2551 1400 2610; x_wconf 91' lang='lat' dir='ltr'><strong>coniuncti</strong></span> 
     </span>
     <span class='ocr_line' id='line_1_26' title="bbox 222 2637 1399 2728; baseline -0.001 -20"><span class='ocrx_word' id='word_1_232' title='bbox 222 2651 354 2726; x_wconf 90' lang='lat' dir='ltr'><strong>itemque</strong></span> <span class='ocrx_word' id='word_1_233' title='bbox 386 2646 511 2707; x_wconf 89' lang='lat' dir='ltr'><strong>sudores</strong></span> <span class='ocrx_word' id='word_1_234' title='bbox 534 2640 700 2728; x_wconf 78' lang='grc' dir='ltr'><em>(λὸρῶτες)</em></span> <span class='ocrx_word' id='word_1_235' title='bbox 730 2649 807 2707; x_wconf 87' lang='lat' dir='ltr'><strong>aeris</strong></span> <span class='ocrx_word' id='word_1_236' title='bbox 831 2647 1062 2707; x_wconf 90' lang='lat' dir='ltr'><strong>condensatione</strong></span> <span class='ocrx_word' id='word_1_237' title='bbox 1092 2642 1142 2727; x_wconf 85' lang='grc' dir='ltr'><strong>(τό</strong></span> <span class='ocrx_word' id='word_1_238' title='bbox 1174 2637 1237 2726; x_wconf 82' lang='grc' dir='ltr'><strong>γὰρ</strong></span> <span class='ocrx_word' id='word_1_239' title='bbox 1265 2643 1399 2726; x_wconf 83' lang='grc' dir='ltr'><em>πνεῦμα</em></span> 
     </span>
     <span class='ocr_line' id='line_1_27' title="bbox 224 2734 1398 2826; baseline -0.001 -21"><span class='ocrx_word' id='word_1_240' title='bbox 224 2736 465 2825; x_wconf 80' lang='grc' dir='ltr'><em>ξυνιστάμενον</em></span> <span class='ocrx_word' id='word_1_241' title='bbox 490 2739 521 2818; x_wconf 84' lang='grc' dir='ltr'><em>ἐς</em></span> <span class='ocrx_word' id='word_1_242' title='bbox 544 2734 637 2823; x_wconf 78' lang='grc' dir='ltr'><em>ὕδωρ</em></span> <span class='ocrx_word' id='word_1_243' title='bbox 661 2751 765 2823; x_wconf 82' lang='grc' dir='ltr'><em>χεῖται</em></span> <span class='ocrx_word' id='word_1_244' title='bbox 788 2763 815 2822; x_wconf 93' lang='lat' dir='ltr'><strong>p.</strong></span> <span class='ocrx_word' id='word_1_245' title='bbox 842 2741 919 2826; x_wconf 79' lang='lat'><strong>102,</strong></span> <span class='ocrx_word' id='word_1_246' title='bbox 942 2743 1191 2822; x_wconf 91' lang='lat' dir='ltr'><strong>quemadmodum</strong></span> <span class='ocrx_word' id='word_1_247' title='bbox 1216 2763 1357 2823; x_wconf 90' lang='lat' dir='ltr'><strong>uaporem</strong></span> <span class='ocrx_word' id='word_1_248' title='bbox 1383 2765 1398 2804; x_wconf 94' lang='lat' dir='ltr'><strong>a</strong></span> 
     </span>
     <span class='ocr_line' id='line_1_28' title="bbox 149 2839 1400 2927; baseline 0.001 -24"><span class='ocrx_word' id='word_1_249' title='bbox 149 2868 151 2871; x_wconf 91' lang='grc'><em>·</em></span> <span class='ocrx_word' id='word_1_250' title='bbox 223 2842 410 2904; x_wconf 83' lang='lat' dir='ltr'><strong>icruentibus</strong></span> <span class='ocrx_word' id='word_1_251' title='bbox 434 2845 517 2922; x_wconf 91' lang='lat' dir='ltr'><strong>aquis</strong></span> <span class='ocrx_word' id='word_1_252' title='bbox 537 2841 685 2903; x_wconf 90' lang='lat' dir='ltr'><strong>sublatum</strong></span> <span class='ocrx_word' id='word_1_253' title='bbox 709 2843 734 2901; x_wconf 89' lang='lat' dir='ltr'><strong>si</strong></span> <span class='ocrx_word' id='word_1_254' title='bbox 758 2841 884 2902; x_wconf 90' lang='lat' dir='ltr'><strong>solidum</strong></span> <span class='ocrx_word' id='word_1_255' title='bbox 904 2841 974 2921; x_wconf 94' lang='lat' dir='ltr'><strong>quid</strong></span> <span class='ocrx_word' id='word_1_256' title='bbox 994 2845 1117 2921; x_wconf 91' lang='lat' dir='ltr'><strong>attingat</strong></span> <span class='ocrx_word' id='word_1_257' title='bbox 1136 2845 1166 2902; x_wconf 92' lang='lat' dir='ltr'><strong>in</strong></span> <span class='ocrx_word' id='word_1_258' title='bbox 1186 2850 1284 2920; x_wconf 91' lang='lat' dir='ltr'><strong>guttas</strong></span> <span class='ocrx_word' id='word_1_259' title='bbox 1303 2839 1400 2927; x_wconf 91' lang='lat' dir='ltr'><strong>uerti)</strong></span> 
     </span>
     <span class='ocr_line' id='line_1_29' title="bbox 224 2931 1400 3022; baseline 0 -21"><span class='ocrx_word' id='word_1_260' title='bbox 224 2941 402 3020; x_wconf 90' lang='lat' dir='ltr'><strong>doloresque</strong></span> <span class='ocrx_word' id='word_1_261' title='bbox 426 2942 530 3020; x_wconf 90' lang='lat' dir='ltr'><strong>capitis</strong></span> <span class='ocrx_word' id='word_1_262' title='bbox 560 2931 674 3022; x_wconf 80' lang='grc' dir='ltr'><em>(πόνοι</em></span> <span class='ocrx_word' id='word_1_263' title='bbox 697 2937 755 3019; x_wconf 78' lang='grc' dir='ltr'><em>τῆς</em></span> <span class='ocrx_word' id='word_1_264' title='bbox 777 2932 937 3021; x_wconf 80' lang='grc' dir='ltr'><em>κεφαλῆς)</em></span> <span class='ocrx_word' id='word_1_265' title='bbox 967 2942 997 3000; x_wconf 91' lang='lat' dir='ltr'><strong>iu</strong></span> <span class='ocrx_word' id='word_1_266' title='bbox 1021 2957 1113 3000; x_wconf 90' lang='lat' dir='ltr'><strong>uenas</strong></span> <span class='ocrx_word' id='word_1_267' title='bbox 1137 2957 1205 3000; x_wconf 89' lang='lat' dir='ltr'><strong>aere</strong></span> <span class='ocrx_word' id='word_1_268' title='bbox 1228 2940 1400 3001; x_wconf 89' lang='lat' dir='ltr'><strong>inuadente.</strong></span> 
     </span>
     <span class='ocr_line' id='line_1_30' title="bbox 226 3036 1400 3118; baseline 0 -19"><span class='ocrx_word' id='word_1_269' title='bbox 226 3058 285 3118; x_wconf 92' lang='lat' dir='ltr'><strong>quo</strong></span> <span class='ocrx_word' id='word_1_270' title='bbox 308 3039 374 3099; x_wconf 94' lang='lat' dir='ltr'><strong>loco</strong></span> <span class='ocrx_word' id='word_1_271' title='bbox 399 3039 435 3099; x_wconf 90' lang='lat' dir='ltr'><strong>de</strong></span> <span class='ocrx_word' id='word_1_272' title='bbox 458 3038 659 3118; x_wconf 81' lang='lat' dir='ltr'><strong>Apolloniatae</strong></span> <span class='ocrx_word' id='word_1_273' title='bbox 688 3036 803 3117; x_wconf 89' lang='lat' dir='ltr'><strong>placitis</strong></span> <span class='ocrx_word' id='word_1_274' title='bbox 827 3038 1044 3115; x_wconf 83' lang='lat' dir='ltr'><strong>dissensionem</strong></span> <span class='ocrx_word' id='word_1_275' title='bbox 1073 3046 1227 3116; x_wconf 85' lang='lat' dir='ltr'><strong>tangamus</strong></span> <span class='ocrx_word' id='word_1_276' title='bbox 1250 3039 1400 3118; x_wconf 90' lang='lat' dir='ltr'><strong>priucipa-</strong></span> 
     </span>
     <span class='ocr_line' id='line_1_31' title="bbox 225 3134 1401 3215; baseline 0 -19"><span class='ocrx_word' id='word_1_277' title='bbox 225 3136 291 3198; x_wconf 91' lang='lat' dir='ltr'><strong>lem.</strong></span> <span class='ocrx_word' id='word_1_278' title='bbox 340 3145 483 3197; x_wconf 90' lang='lat' dir='ltr'><strong>statuerat</strong></span> <span class='ocrx_word' id='word_1_279' title='bbox 506 3137 532 3195; x_wconf 93' lang='lat' dir='ltr'><strong>is</strong></span> <span class='ocrx_word' id='word_1_280' title='bbox 556 3154 674 3214; x_wconf 92' lang='lat' dir='ltr'><strong>quoque</strong></span> <span class='ocrx_word' id='word_1_281' title='bbox 699 3138 784 3195; x_wconf 84' lang='lat' dir='ltr'><strong>tronis</strong></span> <span class='ocrx_word' id='word_1_282' title='bbox 809 3143 838 3195; x_wconf 92' lang='lat' dir='ltr'><strong>et</strong></span> <span class='ocrx_word' id='word_1_283' title='bbox 866 3139 1039 3214; x_wconf 90' lang='lat' dir='ltr'><strong>sanguinem</strong></span> <span class='ocrx_word' id='word_1_284' title='bbox 1064 3138 1210 3196; x_wconf 89' lang='lat' dir='ltr'><strong>contineri</strong></span> <span class='ocrx_word' id='word_1_285' title='bbox 1235 3145 1265 3196; x_wconf 92' lang='lat' dir='ltr'><strong>et</strong></span> <span class='ocrx_word' id='word_1_286' title='bbox 1288 3134 1401 3215; x_wconf 66' lang='lat' dir='ltr'><strong>aeral),</strong></span> 
     </span>
     <span class='ocr_line' id='line_1_32' title="bbox 190 3225 1400 3318; baseline 0.001 -23"><span class='ocrx_word' id='word_1_287' title='bbox 190 3311 192 3318; x_wconf 57' lang='lat'><strong>.</strong></span> <span class='ocrx_word' id='word_1_288' title='bbox 226 3234 286 3304; x_wconf 54' lang='lat' dir='ltr'><strong>sed,</strong></span> <span class='ocrx_word' id='word_1_289' title='bbox 305 3230 369 3314; x_wconf 90' lang='lat' dir='ltr'><strong>ipsa</strong></span> <span class='ocrx_word' id='word_1_290' title='bbox 397 3237 492 3294; x_wconf 87' lang='lat' dir='ltr'><strong>anima</strong></span> <span class='ocrx_word' id='word_1_291' title='bbox 521 3235 549 3293; x_wconf 92' lang='lat' dir='ltr'><strong>ei</strong></span> <span class='ocrx_word' id='word_1_292' title='bbox 577 3241 640 3292; x_wconf 91' lang='lat' dir='ltr'><strong>erat</strong></span> <span class='ocrx_word' id='word_1_293' title='bbox 668 3251 718 3292; x_wconf 91' lang='lat' dir='ltr'><strong>aer</strong></span> <span class='ocrx_word' id='word_1_294' title='bbox 749 3234 854 3310; x_wconf 90' lang='lat' dir='ltr'><strong>uisque</strong></span> <span class='ocrx_word' id='word_1_295' title='bbox 886 3233 997 3313; x_wconf 87' lang='lat' dir='ltr'><strong>uitalis,</strong></span> <span class='ocrx_word' id='word_1_296' title='bbox 1030 3225 1151 3313; x_wconf 90' lang='grc' dir='ltr'><em>μικρὸν</em></span> <span class='ocrx_word' id='word_1_297' title='bbox 1184 3225 1304 3313; x_wconf 91' lang='grc' dir='ltr'><em>μόριον</em></span> <span class='ocrx_word' id='word_1_298' title='bbox 1337 3234 1400 3296; x_wconf 85' lang='grc' dir='ltr'><strong>τοῦ</strong></span> 
     </span>
     <span class='ocr_line' id='line_1_33' title="bbox 225 3325 1401 3412; baseline 0 -20"><span class='ocrx_word' id='word_1_299' title='bbox 225 3328 319 3399; x_wconf 79' lang='grc' dir='ltr'><em>θεοῦ,</em></span> <span class='ocrx_word' id='word_1_300' title='bbox 336 3325 497 3412; x_wconf 82' lang='lat' dir='ltr'><strong>(Theophr.</strong></span> <span class='ocrx_word' id='word_1_301' title='bbox 522 3329 558 3390; x_wconf 90' lang='lat' dir='ltr'><strong>de</strong></span> <span class='ocrx_word' id='word_1_302' title='bbox 588 3330 672 3392; x_wconf 90' lang='lat' dir='ltr'><strong>Sens.</strong></span> <span class='ocrx_word' id='word_1_303' title='bbox 695 3326 768 3412; x_wconf 78' lang='lat'><strong>42),</strong></span> <span class='ocrx_word' id='word_1_304' title='bbox 796 3333 881 3391; x_wconf 92' lang='lat' dir='ltr'><strong>cuius</strong></span> <span class='ocrx_word' id='word_1_305' title='bbox 905 3332 1083 3392; x_wconf 81' lang='lat' dir='ltr'><strong>admixtione</strong></span> <span class='ocrx_word' id='word_1_306' title='bbox 1108 3333 1180 3391; x_wconf 91' lang='lat' dir='ltr'><strong>oriri</strong></span> <span class='ocrx_word' id='word_1_307' title='bbox 1205 3330 1401 3412; x_wconf 87' lang='lat' dir='ltr'><strong>uoluptatem,</strong></span> 
     </span>
     <span class='ocr_line' id='line_1_34' title="bbox 227 3421 1399 3511; baseline 0.002 -22"><span class='ocrx_word' id='word_1_308' title='bbox 227 3429 414 3507; x_wconf 91' lang='lat' dir='ltr'><strong>ademptione</strong></span> <span class='ocrx_word' id='word_1_309' title='bbox 443 3429 594 3488; x_wconf 87' lang='lat' dir='ltr'><strong>tristitiam</strong></span> <span class='ocrx_word' id='word_1_310' title='bbox 617 3421 731 3511; x_wconf 85' lang='lat' dir='ltr'><strong>(ibid),</strong></span> <span class='ocrx_word' id='word_1_311' title='bbox 760 3430 846 3489; x_wconf 90' lang='lat' dir='ltr'><strong>cuius</strong></span> <span class='ocrx_word' id='word_1_312' title='bbox 870 3439 974 3489; x_wconf 89' lang='lat' dir='ltr'><strong>natura</strong></span> <span class='ocrx_word' id='word_1_313' title='bbox 998 3447 1072 3508; x_wconf 89' lang='lat' dir='ltr'><strong>pura</strong></span> <span class='ocrx_word' id='word_1_314' title='bbox 1097 3431 1234 3506; x_wconf 87' lang='lat' dir='ltr'><strong>siccaque</strong></span> <span class='ocrx_word' id='word_1_315' title='bbox 1266 3438 1399 3491; x_wconf 85' lang='lat' dir='ltr'><strong>mentem</strong></span> 
     </span>
     <span class='ocr_line' id='line_1_35' title="bbox 227 3520 1401 3608; baseline 0.003 -22"><span class='ocrx_word' id='word_1_316' title='bbox 227 3529 324 3587; x_wconf 90' lang='lat' dir='ltr'><strong>iuuari</strong></span> <span class='ocrx_word' id='word_1_317' title='bbox 348 3520 421 3608; x_wconf 85' lang='lat' dir='ltr'><strong>(qua</strong></span> <span class='ocrx_word' id='word_1_318' title='bbox 445 3545 477 3586; x_wconf 92' lang='lat' dir='ltr'><strong>re</strong></span> <span class='ocrx_word' id='word_1_319' title='bbox 502 3527 575 3606; x_wconf 85' lang='lat' dir='ltr'><strong>fieri,</strong></span> <span class='ocrx_word' id='word_1_320' title='bbox 599 3534 631 3587; x_wconf 90' lang='lat' dir='ltr'><strong>ut</strong></span> <span class='ocrx_word' id='word_1_321' title='bbox 655 3527 837 3586; x_wconf 90' lang='lat' dir='ltr'><strong>dormientes</strong></span> <span class='ocrx_word' id='word_1_322' title='bbox 861 3536 890 3587; x_wconf 92' lang='lat' dir='ltr'><strong>et</strong></span> <span class='ocrx_word' id='word_1_323' title='bbox 914 3527 988 3587; x_wconf 90' lang='lat' dir='ltr'><strong>ebrii</strong></span> <span class='ocrx_word' id='word_1_324' title='bbox 1012 3525 1050 3586; x_wconf 93' lang='lat' dir='ltr'><strong>ob</strong></span> <span class='ocrx_word' id='word_1_325' title='bbox 1074 3526 1222 3586; x_wconf 88' lang='lat' dir='ltr'><strong>adiectum</strong></span> <span class='ocrx_word' id='word_1_326' title='bbox 1242 3526 1401 3589; x_wconf 87' lang='lat' dir='ltr'><strong>humorem</strong></span> 
     </span>
    </p>
   </div>
   <div class='ocr_carea' id='block_1_5' title="bbox 227 3687 1405 4402">
    <p class='ocr_par' dir='ltr' id='par_1_6' title="bbox 227 3687 1405 4402">
     <span class='ocr_line' id='line_1_36' title="bbox 299 3687 1403 3758; baseline 0.003 -17"><span class='ocrx_word' id='word_1_327' title='bbox 299 3689 326 3757; x_wconf 89' lang='lat'><strong>1)</strong></span> <span class='ocrx_word' id='word_1_328' title='bbox 344 3687 417 3742; x_wconf 82' lang='lat' dir='ltr'><strong>Aera</strong></span> <span class='ocrx_word' id='word_1_329' title='bbox 431 3688 509 3742; x_wconf 86' lang='lat' dir='ltr'><strong>uenis</strong></span> <span class='ocrx_word' id='word_1_330' title='bbox 525 3688 653 3743; x_wconf 89' lang='lat' dir='ltr'><strong>concludi</strong></span> <span class='ocrx_word' id='word_1_331' title='bbox 667 3690 740 3757; x_wconf 88' lang='lat' dir='ltr'><strong>quod</strong></span> <span class='ocrx_word' id='word_1_332' title='bbox 753 3688 893 3758; x_wconf 86' lang='lat' dir='ltr'><strong>Diogenes</strong></span> <span class='ocrx_word' id='word_1_333' title='bbox 907 3689 1042 3743; x_wconf 82' lang='lat' dir='ltr'><strong>docuerat</strong></span> <span class='ocrx_word' id='word_1_334' title='bbox 1055 3687 1187 3756; x_wconf 83' lang='lat' dir='ltr'><strong>probauit</strong></span> <span class='ocrx_word' id='word_1_335' title='bbox 1201 3687 1287 3742; x_wconf 83' lang='lat' dir='ltr'><strong>etiam</strong></span> <span class='ocrx_word' id='word_1_336' title='bbox 1302 3693 1403 3744; x_wconf 77' lang='lat' dir='ltr'><strong>auctor</strong></span> 
     </span>
     <span class='ocr_line' id='line_1_37' title="bbox 227 3764 1402 3838; baseline 0.003 -16"><span class='ocrx_word' id='word_1_337' title='bbox 227 3767 312 3838; x_wconf 77' lang='grc' dir='ltr'><em>αερλ-</em></span> <span class='ocrx_word' id='word_1_338' title='bbox 325 3765 419 3835; x_wconf 80' lang='grc' dir='ltr'><em>ἷερῆς</em></span> <span class='ocrx_word' id='word_1_339' title='bbox 439 3764 579 3832; x_wconf 83' lang='grc' dir='ltr'><em>νούσου,</em></span> <span class='ocrx_word' id='word_1_340' title='bbox 603 3768 657 3822; x_wconf 86' lang='lat' dir='ltr'><strong>nisi</strong></span> <span class='ocrx_word' id='word_1_341' title='bbox 681 3768 793 3838; x_wconf 85' lang='lat' dir='ltr'><strong>egregie</strong></span> <span class='ocrx_word' id='word_1_342' title='bbox 818 3769 902 3824; x_wconf 80' lang='lat' dir='ltr'><strong>fallor</strong></span> <span class='ocrx_word' id='word_1_343' title='bbox 921 3767 985 3835; x_wconf 82' lang='grc' dir='ltr'><em>περὶ</em></span> <span class='ocrx_word' id='word_1_344' title='bbox 1005 3768 1102 3835; x_wconf 84' lang='grc' dir='ltr'><em>φυσῶν</em></span> <span class='ocrx_word' id='word_1_345' title='bbox 1121 3769 1234 3822; x_wconf 85' lang='lat' dir='ltr'><strong>auctore</strong></span> <span class='ocrx_word' id='word_1_346' title='bbox 1253 3769 1402 3825; x_wconf 81' lang='lat' dir='ltr'><strong>recentior.</strong></span> 
     </span>
     <span class='ocr_line' id='line_1_38' title="bbox 228 3842 1404 3921; baseline 0.003 -19"><span class='ocrx_word' id='word_1_347' title='bbox 228 3848 261 3902; x_wconf 88' lang='lat' dir='ltr'><strong>cf.</strong></span> <span class='ocrx_word' id='word_1_348' title='bbox 281 3843 354 3901; x_wconf 82' lang='grc' dir='ltr'><em>κατὰ</em></span> <span class='ocrx_word' id='word_1_349' title='bbox 372 3842 478 3909; x_wconf 85' lang='grc' dir='ltr'><em>τοιότας</em></span> <span class='ocrx_word' id='word_1_350' title='bbox 497 3845 529 3902; x_wconf 77' lang='grc' dir='ltr'><em>δέ</em></span> <span class='ocrx_word' id='word_1_351' title='bbox 549 3843 598 3909; x_wconf 82' lang='grc' dir='ltr'><em>τὰς</em></span> <span class='ocrx_word' id='word_1_352' title='bbox 617 3848 725 3920; x_wconf 78' lang='grc' dir='ltr'><em>φλέβας</em></span> <span class='ocrx_word' id='word_1_353' title='bbox 743 3848 792 3903; x_wconf 77' lang='grc' dir='ltr'><strong>καὶ</strong></span> <span class='ocrx_word' id='word_1_354' title='bbox 811 3845 976 3918; x_wconf 74' lang='grc' dir='ltr'><em>ἐσυρόμεθα</em></span> <span class='ocrx_word' id='word_1_355' title='bbox 993 3844 1025 3902; x_wconf 84' lang='grc' dir='ltr'><strong>τὸ</strong></span> <span class='ocrx_word' id='word_1_356' title='bbox 1043 3843 1134 3902; x_wconf 76' lang='grc' dir='ltr'><em>πουλὺ</em></span> <span class='ocrx_word' id='word_1_357' title='bbox 1158 3847 1208 3902; x_wconf 76' lang='grc' dir='ltr'><strong>τοῦ</strong></span> <span class='ocrx_word' id='word_1_358' title='bbox 1231 3844 1404 3921; x_wconf 82' lang='grc' dir='ltr'><em>πνεύματος,</em></span> 
     </span>
     <span class='ocr_line' id='line_1_39' title="bbox 228 3919 1404 3998; baseline 0.006 -18"><span class='ocrx_word' id='word_1_359' title='bbox 228 3919 315 3981; x_wconf 74' lang='grc' dir='ltr'><em>αὗται</em></span> <span class='ocrx_word' id='word_1_360' title='bbox 334 3922 386 3996; x_wconf 75' lang='grc' dir='ltr'><strong>γὰρ</strong></span> <span class='ocrx_word' id='word_1_361' title='bbox 406 3922 501 3997; x_wconf 85' lang='grc' dir='ltr'><em>ἡμέων</em></span> <span class='ocrx_word' id='word_1_362' title='bbox 520 3927 591 3982; x_wconf 79' lang='grc' dir='ltr'><em>εἰσὶν</em></span> <span class='ocrx_word' id='word_1_363' title='bbox 610 3923 755 3983; x_wconf 78' lang='grc' dir='ltr'><em>ἀναπνοαὶ</em></span> <span class='ocrx_word' id='word_1_364' title='bbox 773 3929 824 3984; x_wconf 86' lang='grc' dir='ltr'><strong>τοῦ</strong></span> <span class='ocrx_word' id='word_1_365' title='bbox 845 3925 971 3998; x_wconf 79' lang='grc' dir='ltr'><em>σώματος</em></span> <span class='ocrx_word' id='word_1_366' title='bbox 984 3923 1034 3981; x_wconf 83' lang='grc' dir='ltr'><strong>τόν</strong></span> <span class='ocrx_word' id='word_1_367' title='bbox 1049 3923 1120 3997; x_wconf 73' lang='grc' dir='ltr'><em>ἠέρα</em></span> <span class='ocrx_word' id='word_1_368' title='bbox 1135 3923 1164 3988; x_wconf 88' lang='grc' dir='ltr'><strong>ές</strong></span> <span class='ocrx_word' id='word_1_369' title='bbox 1179 3927 1253 3995; x_wconf 82' lang='grc' dir='ltr'><em>σφᾶς</em></span> <span class='ocrx_word' id='word_1_370' title='bbox 1268 3925 1404 3987; x_wconf 77' lang='grc' dir='ltr'><em>ἕλκουσαι</em></span> 
     </span>
     <span class='ocr_line' id='line_1_40' title="bbox 229 4006 1404 4080; baseline 0.004 -19"><span class='ocrx_word' id='word_1_371' title='bbox 229 4006 278 4077; x_wconf 89' lang='lat' dir='ltr'><strong>(VI</strong></span> <span class='ocrx_word' id='word_1_372' title='bbox 294 4025 320 4077; x_wconf 90' lang='lat' dir='ltr'><strong>p.</strong></span> <span class='ocrx_word' id='word_1_373' title='bbox 336 4011 388 4062; x_wconf 79' lang='lat'><strong>368</strong></span> <span class='ocrx_word' id='word_1_374' title='bbox 402 4006 442 4075; x_wconf 91' lang='lat' dir='ltr'><strong>L).</strong></span> <span class='ocrx_word' id='word_1_375' title='bbox 468 4006 582 4078; x_wconf 86' lang='lat' dir='ltr'><strong>spiritns</strong></span> <span class='ocrx_word' id='word_1_376' title='bbox 602 4011 695 4064; x_wconf 78' lang='lat' dir='ltr'><strong>eutem</strong></span> <span class='ocrx_word' id='word_1_377' title='bbox 714 4009 766 4063; x_wconf 86' lang='lat' dir='ltr'><strong>nisi</strong></span> <span class='ocrx_word' id='word_1_378' title='bbox 785 4027 834 4080; x_wconf 87' lang='lat' dir='ltr'><strong>per</strong></span> <span class='ocrx_word' id='word_1_379' title='bbox 853 4027 952 4079; x_wconf 84' lang='lat' dir='ltr'><strong>eorpus</strong></span> <span class='ocrx_word' id='word_1_380' title='bbox 975 4011 1116 4077; x_wconf 85' lang='lat' dir='ltr'><strong>mouetur,</strong></span> <span class='ocrx_word' id='word_1_381' title='bbox 1140 4006 1169 4060; x_wconf 90' lang='lat' dir='ltr'><strong>id</strong></span> <span class='ocrx_word' id='word_1_382' title='bbox 1188 4008 1262 4074; x_wconf 87' lang='lat' dir='ltr'><strong>quod</strong></span> <span class='ocrx_word' id='word_1_383' title='bbox 1281 4009 1404 4066; x_wconf 85' lang='lat' dir='ltr'><strong>efficitur</strong></span> 
     </span>
     <span class='ocr_line' id='line_1_41' title="bbox 230 4083 1403 4159; baseline 0.004 -19"><span class='ocrx_word' id='word_1_384' title='bbox 230 4086 334 4158; x_wconf 80' lang='lat' dir='ltr'><strong>pituita</strong></span> <span class='ocrx_word' id='word_1_385' title='bbox 354 4087 388 4140; x_wconf 92' lang='lat' dir='ltr'><strong>de</strong></span> <span class='ocrx_word' id='word_1_386' title='bbox 409 4089 522 4143; x_wconf 83' lang='lat' dir='ltr'><strong>cerebro</strong></span> <span class='ocrx_word' id='word_1_387' title='bbox 541 4089 569 4142; x_wconf 92' lang='lat' dir='ltr'><strong>in</strong></span> <span class='ocrx_word' id='word_1_388' title='bbox 589 4107 675 4143; x_wconf 88' lang='lat' dir='ltr'><strong>uenas</strong></span> <span class='ocrx_word' id='word_1_389' title='bbox 694 4089 859 4155; x_wconf 86' lang='lat' dir='ltr'><strong>confluente,</strong></span> <span class='ocrx_word' id='word_1_390' title='bbox 878 4087 1067 4158; x_wconf 87' lang='lat' dir='ltr'><strong>corripiuntur</strong></span> <span class='ocrx_word' id='word_1_391' title='bbox 1080 4087 1179 4141; x_wconf 87' lang='lat' dir='ltr'><strong>morbo</strong></span> <span class='ocrx_word' id='word_1_392' title='bbox 1193 4104 1270 4142; x_wconf 82' lang='lat' dir='ltr'><strong>socru</strong></span> <span class='ocrx_word' id='word_1_393' title='bbox 1286 4083 1332 4157; x_wconf 82' lang='grc' dir='ltr'><strong>(οό</strong></span> <span class='ocrx_word' id='word_1_394' title='bbox 1347 4088 1403 4159; x_wconf 73' lang='grc' dir='ltr'><strong>γὰρ</strong></span> 
     </span>
     <span class='ocr_line' id='line_1_42' title="bbox 230 4163 1405 4238; baseline 0.003 -15"><span class='ocrx_word' id='word_1_395' title='bbox 230 4166 292 4223; x_wconf 76' lang='grc' dir='ltr'><em>οἷόν</em></span> <span class='ocrx_word' id='word_1_396' title='bbox 308 4188 336 4224; x_wconf 86' lang='grc' dir='ltr'><strong>τε</strong></span> <span class='ocrx_word' id='word_1_397' title='bbox 352 4163 383 4222; x_wconf 87' lang='grc' dir='ltr'><strong>τὸ</strong></span> <span class='ocrx_word' id='word_1_398' title='bbox 398 4169 513 4238; x_wconf 77' lang='grc' dir='ltr'><em>πνεῦμα</em></span> <span class='ocrx_word' id='word_1_399' title='bbox 528 4169 636 4237; x_wconf 75' lang='grc' dir='ltr'><em>στῆναι,</em></span> <span class='ocrx_word' id='word_1_400' title='bbox 655 4164 724 4222; x_wconf 75' lang='grc' dir='ltr'><em>ἀλλὰ</em></span> <span class='ocrx_word' id='word_1_401' title='bbox 740 4167 838 4237; x_wconf 83' lang='grc' dir='ltr'><em>χωρέει</em></span> <span class='ocrx_word' id='word_1_402' title='bbox 852 4165 912 4223; x_wconf 79' lang='grc' dir='ltr'><strong>ἅνω</strong></span> <span class='ocrx_word' id='word_1_403' title='bbox 927 4169 976 4223; x_wconf 86' lang='grc' dir='ltr'><strong>καλ</strong></span> <span class='ocrx_word' id='word_1_404' title='bbox 990 4165 1078 4222; x_wconf 78' lang='grc' dir='ltr'><em>κάτω·</em></span> <span class='ocrx_word' id='word_1_405' title='bbox 1099 4163 1135 4237; x_wconf 80' lang='grc' dir='ltr'><strong>ἢν</strong></span> <span class='ocrx_word' id='word_1_406' title='bbox 1149 4164 1202 4236; x_wconf 78' lang='grc' dir='ltr'><strong>γὰρ</strong></span> <span class='ocrx_word' id='word_1_407' title='bbox 1217 4169 1267 4238; x_wconf 80' lang='grc' dir='ltr'><em>στῇ</em></span> <span class='ocrx_word' id='word_1_408' title='bbox 1282 4189 1338 4224; x_wconf 85' lang='grc' dir='ltr'><em>τιον</em></span> <span class='ocrx_word' id='word_1_409' title='bbox 1353 4173 1405 4227; x_wconf 84' lang='grc' dir='ltr'><em>κοιλ</em></span> 
     </span>
     <span class='ocr_line' id='line_1_43' title="bbox 230 4243 1404 4321; baseline 0.004 -20"><span class='ocrx_word' id='word_1_410' title='bbox 230 4244 397 4321; x_wconf 76' lang='grc' dir='ltr'><strong>ἄκοληφθῄ,</strong></span> <span class='ocrx_word' id='word_1_411' title='bbox 411 4245 533 4318; x_wconf 76' lang='grc' dir='ltr'><em>ἀκρατὲς</em></span> <span class='ocrx_word' id='word_1_412' title='bbox 547 4252 654 4316; x_wconf 80' lang='grc' dir='ltr'><em>γίνεται</em></span> <span class='ocrx_word' id='word_1_413' title='bbox 670 4244 763 4304; x_wconf 82' lang='grc' dir='ltr'><em>έκεῖνο</em></span> <span class='ocrx_word' id='word_1_414' title='bbox 778 4245 808 4303; x_wconf 86' lang='grc' dir='ltr'><strong>τὸ</strong></span> <span class='ocrx_word' id='word_1_415' title='bbox 824 4250 906 4318; x_wconf 83' lang='grc' dir='ltr'><em>μέρος</em></span> <span class='ocrx_word' id='word_1_416' title='bbox 920 4267 946 4317; x_wconf 91' lang='lat' dir='ltr'><strong>p.</strong></span> <span class='ocrx_word' id='word_1_417' title='bbox 960 4255 1021 4318; x_wconf 81' lang='grc'><strong>368,</strong></span> <span class='ocrx_word' id='word_1_418' title='bbox 1041 4243 1160 4303; x_wconf 76' lang='grc' dir='ltr'><em>ἐπειδὰν</em></span> <span class='ocrx_word' id='word_1_419' title='bbox 1174 4243 1404 4306; x_wconf 73' lang='grc' dir='ltr'><em>ἀποκλεισθῶσιν</em></span> 
     </span>
     <span class='ocr_line' id='line_1_44' title="bbox 231 4325 1093 4402; baseline 0 -20"><span class='ocrx_word' id='word_1_420' title='bbox 231 4326 264 4382; x_wconf 74' lang='grc' dir='ltr'><strong>αι’</strong></span> <span class='ocrx_word' id='word_1_421' title='bbox 281 4328 383 4402; x_wconf 83' lang='grc' dir='ltr'><em>φλέβες</em></span> <span class='ocrx_word' id='word_1_422' title='bbox 402 4332 451 4386; x_wconf 77' lang='grc' dir='ltr'><strong>τοῦ</strong></span> <span class='ocrx_word' id='word_1_423' title='bbox 472 4326 555 4400; x_wconf 78' lang='grc' dir='ltr'><em>ἠέρος</em></span> <span class='ocrx_word' id='word_1_424' title='bbox 575 4325 631 4384; x_wconf 82' lang='grc' dir='ltr'><strong>ὑπὸ</strong></span> <span class='ocrx_word' id='word_1_425' title='bbox 652 4331 701 4384; x_wconf 82' lang='grc' dir='ltr'><strong>τοῦ</strong></span> <span class='ocrx_word' id='word_1_426' title='bbox 723 4325 880 4399; x_wconf 82' lang='grc' dir='ltr'><em>φλέγματος</em></span> <span class='ocrx_word' id='word_1_427' title='bbox 900 4333 955 4384; x_wconf 87' lang='grc' dir='ltr'><em>κτλ.</em></span> <span class='ocrx_word' id='word_1_428' title='bbox 974 4347 1002 4398; x_wconf 88' lang='lat' dir='ltr'><strong>p.</strong></span> <span class='ocrx_word' id='word_1_429' title='bbox 1022 4331 1093 4399; x_wconf 71' lang='lat'><strong>372).</strong></span> 
     </span>
    </p>
   </div>
   <div class='ocr_carea' id='block_1_6' title="bbox 0 0 1489 4900">
    <p class='ocr_par' dir='ltr' id='par_1_7' title="bbox 0 0 1489 4900">
     <span class='ocr_line' id='line_1_45' title="bbox 0 0 1489 4900; baseline 0 0"><span class='ocrx_word' id='word_1_430' title='bbox 0 0 1489 4900; x_wconf 95' lang='lat' dir='ltr'><strong> </strong></span> 
     </span>
    </p>
   </div>
  </div>
 </body>
</html>
