2936 4902
619 189 964 306 ,144-

267 407 381 488 βῆναι,
400 399 451 469 ότι
471 393 519 489 ἦν
538 428 569 469 τι
588 405 626 469 τὸ
646 385 781 487 βλάψαν
801 401 843 488 (p.
860 400 895 490 8)
916 404 1029 471 similia.
1067 413 1167 485 aperta
1183 423 1257 466 uero
1271 407 1418 467 imitationis
1441 435 1442 466 o

268 505 535 587 deprehenduntur
564 508 688 585 uestigia
717 507 748 565 in
781 507 825 565 eis
849 522 924 583 quae
949 512 1101 565 secuntur.
1147 505 1289 566 nimirum
1311 507 1338 566 in
1358 503 1418 564 libro

269 607 437 685 antiquiore
453 639 494 649 -—
512 608 645 666 uersauit
668 606 747 664 enim
766 602 849 664 Plato
866 620 998 682 -quae
1022 600 1175 681 leguntur:
1198 596 1272 682 ἐμοὶ
1294 595 1352 684 γὰρ
1373 601 1416 664 do·
1441 532 1443 661 d

162 755 165 760 ,
268 698 381 765 κέονσι
410 701 531 784 μοῦνοι
558 697 614 764 καὶ
643 694 872 782 ἐπιτυγχάνειν
895 694 951 760 καὶ
974 689 1123 780 άτυχέειν
1148 697 1182 761 ol
1203 698 1311 774 καλῶς
1330 722 1357 762 τι
1376 695 1420 761 καὶ

269 798 377 875 κακῶς
400 797 521 882 πρῆξαι
545 794 770 882 ἐπιστάμενοι·
795 791 1026 879 ἐπιτυγχάνειν
1049 818 1083 859 τε
1106 791 1171 881 γάρ
1194 790 1286 860 τοῦτ’
1312 793 1419 862 ἔστιτὸ
1443 804 1444 892 l

267 897 376 974 καλῶς
398 895 535 976 ποιέειν,
559 897 658 961 τοῦτο
683 891 720 960 δὲ
744 894 779 960 oi
796 890 1007 978 ἐπιστάμενοι
1026 891 1212 958 ποιέουσιν·
1236 892 1375 979 άτυχέιιν
1392 891 1421 958 di

266 989 357 1062 τοῦτ’
389 997 494 1077 ἔστιν,
524 990 541 1059 ὃ
570 989 613 1079 ἥν
640 1019 689 1070 τις
715 989 760 1079 μὴ
790 991 959 1076 ἐπίστηται
985 992 1084 1056 τοῦτο
1113 986 1157 1075 μὴ
1185 992 1295 1070 καλῶς
1315 991 1420 1058 ποιέειν

267 1098 334 1158 κτλ.
358 1105 428 1158 nota
451 1097 543 1158 lauisse
567 1105 714 1177 ponentes
738 1096 905 1176 sophistae,
928 1093 1007 1173 apud
1031 1113 1119 1173 quem
1143 1104 1173 1155 et
1196 1093 1308 1154 Melissi
1329 1103 1355 1155 et
1370 1094 1420 1154 Pla·
1443 1075 1445 1130 l

267 1199 345 1257 tonis
371 1213 459 1275 supra
484 1198 660 1276 agnouimus
685 1196 818 1274 uestigia,
842 1210 910 1253 cum
934 1194 1089 1272 scripserit
1111 1183 1255 1273 ἡγεῦμαι
1274 1192 1356 1254 τοῖσι
1372 1185 1421 1272 μὲν

266 1291 374 1368 κακῶς
401 1288 702 1375 θεραπευομένοισι
729 1285 897 1372 νοσήμασι
924 1282 963 1351 τά
993 1282 1097 1351 πολλὰ
1121 1287 1184 1371 τὴν
1208 1280 1345 1371 άτυχίην
1365 1286 1446 1374 ἔτι,

267 1394 364 1472 σόαι,
393 1399 479 1454 τοῖσι
504 1384 541 1454 δὲ
565 1377 602 1454 εὖ
625 1384 687 1471 τὴν
711 1383 866 1471 εὐτυχίην
891 1382 932 1472 (p.
953 1382 1002 1471 6),
1026 1407 1085 1448 non
1109 1391 1233 1450 nimium
1257 1389 1421 1475 audebimus.
1445 1377 1446 1388 ¹

357 1490 435 1551 Satis
463 1493 520 1552 iam
551 1492 725 1569 exposuisse
753 1489 826 1549 mihi
854 1487 959 1550 uideor
990 1488 1026 1548 de
1056 1489 1198 1548 orationis
1227 1481 1302 1571 περὶ
1324 1483 1423 1567 τέχνης

267 1597 454 1669 argumento.
501 1588 675 1650 concludam
704 1587 946 1667 disputationem·
964 1589 996 1647 in
1020 1586 1237 1647 Ermerinsium
1265 1605 1422 1648 conuersari
1446 1623 1447 1656 ;

267 1687 304 1746 de
335 1687 514 1748 aduersariis
544 1688 710 1767 disserens,
742 1704 818 1765 quos
847 1687 1034 1766 impugoauit
1064 1693 1168 1746 auctor
1197 1679 1272 1767 περὶ
1303 1676 1423 1766 ἀρχαίης

268 1781 431 1867 ἰητρικῆς,
463 1793 566 1865 utpote
596 1803 664 1846 cum
696 1777 838 1864 sophistis
868 1783 909 1844 nil
940 1802 1006 1844 esse
1040 1801 1196 1844 commuue
1227 1783 1297 1845 huic
1324 1787 1424 1845 auctori

268 1881 346 1943 unde
370 1881 538 1945 luculenter
557 1892 705 1963 appareat.
749 1900 806 1962 qua
825 1883 856 1942 io
876 1884 1049 1961 quaestione
1068 1890 1238 1943 uersantem
1259 1885 1352 1962 primo
1369 1883 1424 1942 loco

267 1989 448 2063 commouet,
471 1988 614 2061 quantum
635 1982 665 2040 in
688 1979 806 2042 duobus
824 1979 932 2041 libeliis
951 1979 1100 2058 discrepet
1119 1982 1211 2041 totius
1230 1980 1424 2060 disputationis

267 2061 399 2140 habitus:
429 2078 630 2140 tumultuosus
654 2077 703 2138 ille
728 2077 848 2157 quidem
877 2080 907 2138 in
932 2077 1094 2158 sophistico
1118 2079 1322 2158 conuiciisque
1345 2078 1424 2137 homi·

268 2193 338 2237 num
360 2178 481 2255 ingenio
512 2177 689 2238 inferiorum
717 2194 800 2236 more
829 2177 959 2236 refertus
983 2171 1033 2255 (ci.
1058 2171 1303 2258 αἰσχροεπέειν,
1327 2169 1425 2257 αἶσχό-

265 2293 360 2353 νειν,
381 2267 621 2353 διαβάλλοντα,
645 2270 844 2353 κακαγγελίη
873 2265 995 2352 φύσιος
1017 2293 1044 2353 p.
1067 2271 1101 2355 23
1131 2269 1425 2356 παραφρονεάντων

265 2389 293 2449 p.
319 2367 372 2451 12;
405 2362 524 2451 άγνοεϊ
552 2363 695 2452 άγνοιαν
726 2363 937 2455 ἁρμόζουσαν
967 2370 1069 2453 μανίη
1100 2369 1227 2452 μᾶλλον
1258 2361 1279 2452 ἢ
1310 2364 1425 2454 άμαθίη

266 2488 293 2548 p.
316 2467 356 2530 12
371 2488 428 2551 sq.;
456 2461 619 2552 ἀφρόνων
647 2490 674 2550 p.
696 2465 765 2550 14):
796 2469 920 2549 simplex
950 2477 980 2529 et
1007 2471 1124 2549 integer
1153 2473 1182 2529 in
1211 2470 1304 2532 altero
1324 2467 1426 2560 (uoco--

265 2561 386 2648 φονέες
413 2561 499 2629 εἰσὶν
524 2558 786 2650 ἁμαρτάνοντες,
815 2559 902 2642 ἄξιοι
925 2562 1119 2647 μέμψασθαι
1143 2585 1170 2646 p.
1193 2562 1283 2651 570).
1328 2570 1426 2630 discre-

265 2673 336 2745 pant
360 2669 431 2726 item
455 2667 583 2726 duorum
608 2674 762 2727 auctorum
787 2665 959 2726 aduersarii.

354 2762 498 2843 Exoptata
522 2763 572 2825 lux
596 2772 627 2824 et
649 2763 813 2826 medicinae
837 2771 867 2824 et
890 2755 1094 2842 philosophiae
1118 2763 1272 2824 historiam
1293 2767 1427 2825 scrutanti

267 2881 283 2921 e
307 2860 384 2920 libro
407 2855 483 2942 περὶ
506 2853 644 2943 ἀρχαίης
668 2857 824 2942 ἰητρικῆς.
862 2865 913 2942 qui
937 2880 996 2941 quo
1020 2871 1154 2942 tempore
1174 2866 1362 2943 conscriptus
1381 2870 1429 2942 est,

265 2959 301 3020 de
341 2959 449 3040 quibus
490 2979 580 3040 supra
620 2960 749 3020 diximus
789 2954 829 3042 (p.
861 2954 918 3043 20)
955 2960 1213 3040 hypotheticorum
1253 2957 1361 3044 (uerbo
1397 2964 1430 3021 sit

267 3051 369 3140 uenia)
393 3058 499 3139 placila
523 3058 682 3132 florebant,
713 3058 810 3137 paullo
834 3067 902 3120 ante
926 3061 1005 3120 sicut
1028 3058 1148 3120 uidetur
1171 3058 1284 3139 prolata
1310 3054 1376 3144 (ἐπὶ
1398 3052 1430 3120 di

253 3151 331 3219 τάν
354 3148 579 3219 chonosolo
602 3148 728 3234 τρόπον
756 3151 818 3236 τὴν
841 3143 961 3238 τῖχνην
991 3152 1024 3231 ἐξ
1047 3146 1230 3230 ὑποθέσιος
1253 3149 1428 3238 ζητεόντων

264 3248 368 3334 λόγον
393 3250 591 3317 ἐπανελθεῖν
614 3247 815 3334 βοάλομαιιΙ
842 3273 869 3333 p.
890 3250 954 3316 598
975 3248 1021 3335 L).
1067 3264 1156 3333 atque
1184 3235 1350 3317 laudandis
1373 3255 1430 3333 qui-

265 3353 332 3417 dem
353 3353 498 3434 hittreuS,
522 3353 601 3432 quod
625 3352 787 3433 primordio
811 3370 958 3431 quaerens
977 3371 1081 3416 eorum
1105 3354 1272 3436 doctrinae,
1295 3357 1348 3434 qui
1371 3353 1431 3414 cali·

267 3450 338 3510 dum
362 3450 502 3530 frigidum
528 3452 640 3512 siccum
665 3451 819 3512 humidum
844 3449 921 3511 aliud
946 3451 1016 3529 quid
1041 3459 1244 3532 supponentes
1263 3452 1430 3513 morborum

264 3551 429 3627 mortisque
460 3566 565 3609 causas
593 3557 719 3628 angusto
747 3567 818 3628 gyro
849 3547 1066 3610 concludebant
1096 3542 1145 3633 (ἐς
1167 3542 1275 3632 βραχὺ
1299 3543 1432 3630 άγοντες

263 3637 326 3725 τὴν
349 3636 457 3727 ἀρχὴν
480 3643 538 3725 τῆς
561 3643 669 3725 αἰτίης
679 3648 799 3707 ’τοῖσιν
824 3637 1036 3726 ἀνθρώποισι
1064 3644 1131 3708 τῶν
1160 3639 1297 3710 νούσων
1326 3641 1433 3710 τεκαὶ

264 3741 326 3804 τοῦ
344 3735 498 3824 θανάτου
516 3737 572 3804 καὶ
590 3740 672 3804 πᾶσι
690 3735 752 3822 τὴν
772 3734 877 3823 αὐτὴν
897 3740 933 3804 ἓν
952 3731 1057 3823 riddo
1080 3739 1285 3825 προθέμενοι
1303 3767 1333 3826 p.
1349 3738 1435 3826 570),

263 3842 431 3920 refragatur
464 3840 568 3900 hinkio
603 3849 671 3920 post
703 3839 893 3902 Aristotelem
928 3840 1038 3902 librum
1074 3845 1219 3922 scriptum
1254 3863 1322 3906 esse
1362 3844 1435 3906 arbi·

262 3932 374 4019 trat01)
404 3929 431 4020 (l
454 3957 482 4016 p.
504 3932 596 4020 190):
615 3937 694 4017 quod
719 3956 792 3998 uero
811 3938 847 3998 ah
870 3939 1039 4001 Eleatarum
1065 3942 1162 4023 tertio,
1186 3941 1339 4004 Zenonem
1364 3944 1436 4020 dico,

264 4042 409 4122 quattuor
423 4038 503 4115 ipsas
523 4035 679 4114 qualitates
698 4037 729 4096 in
749 4034 848 4097 libello
869 4046 971 4098 nostro
993 4057 1069 4117 quae
1089 4048 1293 4102 memorantur
1313 4052 1435 4104 naturae

239 4162 242 4168 ⁸
336 4181 363 4248 1)
381 4179 443 4234 Aci.
468 4180 546 4234 acad.
567 4145 657 4235 Berol.
677 4181 759 4235 class.
779 4181 856 4251 phys.
878 4187 1017 4237 1814-15
1036 4202 1064 4253 p.
1084 4189 1149 4238 238:
1184 4185 1245 4240 ‘das
1272 4190 1352 4242 sonat
1370 4185 1436 4256 gnte

263 4259 337 4314 buch
356 4258 431 4314 kann
450 4259 529 4314 nicht
546 4276 601 4314 von
616 4259 806 4329 Hippokraies
825 4261 883 4314 sein
912 4262 949 4316 de.
967 4278 996 4316 es
1011 4263 1073 4318 eine
1087 4264 1165 4320 lehre
1180 4265 1314 4337 verwirft,
1331 4265 1436 4322 welche

262 4336 349 4393 durch
368 4337 570 4394 arisboielische
589 4338 767 4410 philosophie
787 4341 953 4396 comtenden
971 4343 1050 4397 ποτ’.
