2994 4898
575 233 790 296 ..41-

4 385 5 406 ³
102 414 241 477 conexus,
264 371 404 478 obsedro,
427 415 496 458 cum
519 385 618 474 Lege?
644 395 763 457 nullum
788 415 924 476 agnosco.
971 416 1081 458 nouum
1106 399 1269 479 exordium,

4 493 5 496 ’
101 513 208 554 nouum
232 497 427 573 propositum.
468 503 660 574 praeceperat
684 486 797 574 νόμος,
821 513 878 573 qua
902 497 1015 556 ratione
1040 505 1216 578 caneretur,
1231 515 1268 557 ne

4 593 5 626 ³
99 596 281 674 contemptui
300 603 380 655 esset
399 592 536 654 omnibus
556 594 723 673 Aesculapii
742 611 789 653 ars
809 591 1021 653 circulatorum
1036 595 1163 655 inscitia.
1194 613 1268 673 quos

4 693 5 716 ³
101 691 175 753 nulla
209 698 303 752 aetate
337 691 467 753 defuisse
501 697 742 754 consentaneum.
789 693 831 752 sic
860 699 890 751 et
914 690 950 750 VI
976 689 1118 770 p.·14L
1148 691 1269 771 legitur:

98 779 397 869 παρακελευόμενοι
417 780 454 850 δὲ
472 785 574 849 ταῦτα
590 783 666 870 (scil.
682 773 730 850 ῶν
745 780 790 869 μὴ
805 780 964 870 προσήκει
983 779 1147 850 ἅπτεσθαι
1168 780 1270 851 οὐδὲν

3 955 4 974 1
98 872 201 966 ’ἧσσον
225 876 245 967 ἢ
266 870 315 949 ῶν
334 879 508 968 προσήκει)
531 875 596 946 ὑπὸ
617 877 678 966 μὲν
696 883 773 947 τῶν
798 877 990 966 οὐνόματι
1013 883 1161 969 ἰητρῶν
1184 889 1270 948 θαν-

3 1053 4 1062 ,
99 976 267 1064 μάζονται,
299 975 365 1045 ὑπὸ
398 977 434 1046 δὲ
457 981 524 1046 τῶν
547 976 602 1045 καί
625 977 722 1066 τέχνῃ
755 981 1010 1064 καταγελῶνται,
1042 992 1072 1044 et
1099 983 1168 1044 libri
1194 977 1270 1066 περὶ
1329 971 1332 976 ¹

3 1089 5 1100 ’
98 1074 167 1164 άρχ.
196 1080 280 1164 ἰητρ.
304 1083 369 1143 Ιοοο
399 1083 448 1143 illo
477 1081 661 1143 nobilissimo
690 1078 719 1163 (a
743 1082 853 1142 Galeno
881 1084 1045 1143 imitatione
1074 1101 1214 1162 expresso
1239 1085 1270 1143 iu

97 1199 202 1240 comm.
231 1179 339 1260 Progu.
364 1177 455 1239 XVIII
478 1179 500 1239 B
524 1200 552 1259 p.
576 1172 864 1261 marcomanos:
897 1177 937 1241 οἰ
963 1179 1107 1242 πολλοί
1127 1201 1168 1261 γε
1192 1178 1269 1243 τῶν

2 1267 4 1344 J
98 1273 243 1360 ἰητρῶν
261 1267 367 1339 ταύτά
386 1298 443 1358 μοι
458 1270 612 1339 δοκέουσι
627 1284 714 1338 τοῖσι
732 1285 863 1340 κακοίσι
877 1272 1098 1362 κυβερνήτῃσι
1117 1271 1269 1360 πάσχειν·

2 1391 3 1430 t
96 1370 149 1436 καί
172 1368 238 1457 γάρ
258 1370 379 1438 ἐκείνοι
399 1367 481 1437 ὅταν
504 1371 541 1437 ἰν
559 1367 687 1458 γαλήνῃ
707 1373 932 1458 κυβερνῶντες
955 1367 1204 1458 ἁμαρτάνωσιν,
1229 1369 1270 1438 οὐ

94 1467 298 1554 καταφανέες
326 1472 424 1536 εἰσίν·
462 1466 543 1536 ὅταν
574 1469 611 1537 δὲ
639 1466 761 1548 αὐτοὺς
788 1467 933 1557 κατάσχῃ
962 1467 1085 1556 χειμῶν
1113 1494 1147 1535 τε
1170 1466 1272 1554 με’γας
1313 1485 1317 1492 “

2 1563 3 1570 ¹
94 1566 148 1633 καί
160 1564 292 1652 Ιόίνεμος
311 1564 464 1652 ἐξῶστης,
483 1571 636 1654 φανερῶς
655 1564 720 1654 ἤδη
739 1570 842 1636 πᾶσιν
862 1563 1074 1654 άνθρῶποισι
1095 1562 1140 1633 δι’
1161 1562 1271 1652 άγνω-

95 1668 173 1752 σίην
200 1663 258 1730 καὶ
281 1661 448 1752 ἁμαρτίην
476 1667 575 1750 δῆλοί
605 1669 691 1733 εἰσιν
723 1663 945 1744 ἀπολέσαντες
967 1662 1029 1750 τὴν
1052 1668 1148 1732 ναῦν.
1181 1662 1270 1732 οὕτω

96 1761 137 1850 δὴ
162 1763 218 1830 καί
243 1765 284 1830 οἰ
303 1768 421 1830 κακοί
441 1789 479 1831 τε
502 1763 566 1829 καὶ
589 1770 767 1830 πλεῖστοι
791 1762 923 1851 ἰητροὶ
942 1769 1009 1830 κτλ.
1033 1762 1116 1851 (tp.
1140 1765 1206 1830 590
1228 1766 1266 1850 L)

1 1901 2 1914 ι
97 1903 137 1912 —
159 1868 211 1929 sed
228 1875 300 1948 quot
315 1866 460 1928 malorum
475 1875 613 1928 auctores
634 1876 735 1928 assent
752 1865 795 1927 illi
808 1866 979 1927 hominibus
998 1865 1103 1927 morbo
1123 1869 1270 1946 correptis

94 1978 128 2030 ut
160 1970 303 2029 fateretur
334 1966 407 2027 adeo
438 1986 496 2028 non
527 1965 583 2027 sihi
614 1966 770 2045 proposuit
797 1965 928 2045 sophista
959 1973 1074 2047 noster,
1105 1973 1139 2025 ut
1167 1973 1269 2026 contra

1 2087 2 2094 ¹
94 2065 257 2128 sciolorum
280 2064 498 2144 impudentium
522 2062 741 2126 inuectiouibus
765 2063 914 2125 obsistens
937 2066 1010 2125 artis
1033 2065 1094 2124 uim
1114 2065 1270 2124 uirtutem-

1 2167 2 2204 λ
94 2184 154 2245 quc
178 2173 301 2225 strenue
325 2163 505 2224 defenderet.

185 2261 227 2322 Ile
251 2263 348 2342 primo
371 2261 523 2340 alteroque
548 2259 648 2321 libello
671 2263 728 2320 iam
749 2260 803 2320 tibi
826 2279 872 2320 me
896 2259 925 2320 id
946 2260 1024 2339 quod
1049 2259 1184 2321 uolebam
1203 2280 1269 2341 per-

1 2349 2 2352 ¹
95 2362 228 2422 suasisse
252 2377 355 2438 spero:
381 2360 477 2419 lacere
497 2367 673 2419 autemnon
694 2376 815 2437 possum
834 2360 906 2437 quin
929 2377 1023 2436 usque
1043 2359 1079 2419 ad
1099 2357 1270 2419 umbilicum

1 2447 2 2535 J
94 2459 225 2520 alterum
249 2456 305 2517 tibi
324 2456 470 2538 euoluam,
494 2456 530 2516 de
550 2458 650 2535 operis
673 2449 747 2537 περὶ
771 2446 911 2537 άρχαίης
934 2453 1083 2537 ἰητρικῆς
1106 2457 1270 2518 adiectione

95 2577 133 2618 ne
167 2555 247 2616 ullus
279 2554 400 2615 haereat
433 2554 601 2635 scrupulus.
655 2553 789 2615 absoluto
822 2556 974 2632 prooemio
1007 2557 1037 2614 in
1071 2553 1140 2614 libri
1173 2555 1269 2615 fronte

1 2727 2 2736 χ
93 2655 192 2735 posita
216 2661 261 2714 est
285 2653 485 2734 ratiocInatio‘,
507 2653 584 2714 infra
609 2655 776 2715 accuratius
800 2651 964 2733 tractanda,
993 2671 1051 2731 qua
1076 2651 1185 2713 nullam
1209 2671 1270 2714 om·

95 2756 167 2813 nino
192 2770 258 2812 esse
279 2752 377 2812 'artem
400 2751 590 2834 ostendatur,
614 2771 688 2831 quae
713 2769 773 2811 non
798 2768 830 2810 re
855 2768 927 2810 uera
950 2753 1057 2812 existat
1081 2744 1203 2835 (δοκέει
1228 2743 1270 2829 δή

94 2870 154 2932 μοι
177 2840 214 2911 τὸ
239 2842 300 2929 μὲν
325 2840 459 2928 σύμπαν
482 2843 579 2930 τέχνη
600 2839 686 2911 εἶναι
705 2839 845 2928 οὐδεμία
869 2837 930 2911 οὐκ
951 2843 1052 2910 ἰοῦσα
1071 2868 1098 2928 p.
1113 2841 1158 2927 2).
1188 2850 1271 2908 cerni

97 2953 178 3010 euim
200 2956 230 3009 et
249 2949 389 3026 cognosci
410 2954 502 3007 artem
523 2964 774 3026 unamquamque:
798 2948 881 3025 atqui
899 2946 993 3007 oculis
1012 2965 1045 3006 ac
1065 2954 1162 3007 mente
1183 2965 1271 3026 quae-

95 3067 217 3127 cunque
241 3046 452 3127 percipiantur,
476 3048 604 3105 existere
624 3042 742 3104 dehere.
781 3042 889 3123 quihus
907 3047 1078 3124 praemIssis
1097 3044 1270 3105 tundamen-

96 3155 160 3206 tum
184 3147 254 3204 iacit
277 3151 381 3203 auctor
404 3144 635 3223 impugnationis
659 3142 835 3203 medicinam
859 3142 1012 3212 definiens.
1058 3137 1113 3204 καί
1137 3138 1271 3224 πρῶτόν

95 3265 133 3324 γε
159 3238 349 3323 διοριεῦμαι
372 3243 470 3321 inquit
493 3231 511 3302 δ
536 3241 658 3322 νομίζω
683 3231 835 3321 ἰητρικὴν
859 3230 958 3301 εἰναι·
1000 3232 1037 3328 τό
1062 3233 1104 3320 δὴ
1132 3232 1271 3320 πάμπαν

96 3332 326 3402 ἀπαλλάσσειν
354 3335 422 3400 τῶν
445 3332 636 3401 νοσεόντων
659 3330 737 3412 τοὺς
755 3331 933 3419 καμάτους·
965 3333 1021 3400 καὶ
1039 3335 1109 3401 τῶν
1126 3332 1272 3420 νοσημά-

97 3459 166 3500 των
190 3429 248 3510 τδς
271 3430 502 3518 σφοδρότητας
526 3428 722 3518 άμβλόνειν·
764 3429 819 3497 καί
843 3427 880 3498 τὸ
909 3428 952 3518 μὴ
982 3431 1157 3521 ἐγχειρεέιν
1185 3445 1272 3500 τοῖσι

96 3528 392 3618 κεκρατημένοισιν
425 3526 491 3597 ὑπὸ
507 3593 510 3598 ,
524 3534 591 3597 τῶν
624 3527 823 3614 νοσημάτων
856 3528 987 3609 εἰδότας
1015 3527 1066 3597 ὅτι
1097 3532 1200 3598 ταῦτα
1231 3527 1272 3599 οὐ

96 3629 241 3698 δυ’ναται
262 3627 393 3716 ἰητρικη
406 3627 449 3716 (p.
463 3627 563 3716 4sq.).
599 3651 687 3713 quana
703 3633 905 3694 definitionem
920 3635 1016 3694 fusius
1036 3633 1163 3712 explicat
1182 3636 1211 3694 in
1227 3637 1271 3694 eis

96 3751 174 3812 quaa
199 3739 352 3813 secuntur,
376 3749 465 3791 sensu
485 3749 568 3792 cassa
587 3730 705 3793 obicere
726 3735 945 3812 uituperatores
969 3731 1036 3792 illos
1056 3730 1272 3798 malcuolosm

96 3832 253 3911 prooemio
269 3831 446 3908 perstrictos
461 3831 603 3890 euincens
618 3832 822 3891 conuiciorum
837 3849 912 3909 quae
929 3829 1068 3891 fuderant
1088 3832 1271 3890 recensione.

96 3939 187 4009 atque
212 3946 407 4008 qiraecunqne
432 3935 633 4007 opposuerant
656 3928 820 3990 aduersarii
845 3947 912 3990 cum
937 3947 973 3989 eo
997 3927 1128 4009 tendant,
1154 3938 1270 3988 utnon

97 4029 197 4088 omnia
221 4046 237 4087 a
262 4025 384 4086 medicis
408 4028 506 4086 sanari
529 4043 616 4104 posse
640 4026 780 4107 clament,
804 4036 867 4088 tum
891 4026 1010 4087 fumant
1033 4026 1165 4106 quidam,
1193 4026 1271 4107 indo,

97 4129 166 4206 qnia
192 4135 222 4185 et
244 4125 328 4184 irrita
353 4132 435 4184 esset
458 4125 629 4202 saepissime
653 4141 700 4184 ars
725 4123 848 4206 medica,
872 4132 902 4184 et
925 4132 1027 4185 contra
1051 4122 1133 4184 nullo
1157 4123 1271 4192 medico

98 4220 337 4300 adhibitomulti
357 4220 467 4281 morbis
487 4219 695 4303 liberarentur,
719 4222 795 4283 forte
820 4224 938 4284 lortnna
963 4223 1027 4282 deri
1050 4221 1272 4302 concludentes,

102 4330 136 4381 ut
171 4323 201 4381 in
230 4320 390 4399 pristinum
420 4321 552 4380 sanitatis
580 4327 688 4382 statum
718 4315 884 4404 rediremus
914 4315 953 4398 (c.
977 4317 1079 4400 4-6;
1111 4313 1215 4400 paolo
1240 4317 1276 4382 οί
