2994 4898
593 249 788 311 ..9-

108 407 271 494 ἀγνωσίης
289 405 473 492 θαυμάζειν
492 403 533 472 col
551 403 752 492 ἐξευρημένα
770 403 815 484 ὣς
827 409 937 485 καλῶς
950 407 1006 472 καὶ
1021 404 1135 492 ὀρθῶς
1147 406 1278 495 ἐξεύρη-

108 529 157 571 ται
179 504 237 588 nod¹
259 501 329 573 οὐκ
352 501 426 572 ἀπὸ
450 502 575 592 τύχης.

196 608 277 678 Quae
315 608 455 670 tenebrae
489 603 606 669 ‘lucidis
640 609 698 668 diei
726 609 792 669 telis
821 617 855 670 ut
882 607 1124 692 discuterentur’,
1148 611 1278 672 Littreus

108 708 183 768 uiam
207 709 335 768 muniuit
358 709 604 784 ingeniosissime.
633 709 684 784 qui
708 725 775 767 cum
799 707 1007 790 intellexisset,
1037 717 1104 769 aute
1128 711 1225 770 omnia
1249 709 1278 768 id

107 803 255 884 agendum,
278 823 359 885 esse,
387 804 423 865 dc
453 803 735 865 commentatoribus
764 805 945 867 collectionis
965 806 1180 886 Hippocrateae
1204 803 1278 866 a'nti·

108 905 171 982 quis
195 921 270 982 11111
294 902 371 982 apud
396 901 570 964 Erotianum
594 907 780 984 potissimum
809 903 1012 982 Galenumque
1040 904 1168 965 laterent
1196 907 1277 965 testi·

107 1002 202 1060 monia
231 1008 265 1060 ut
289 998 500 1079 colligerentur
528 1001 710 1081 collectaque
734 1003 774 1072 ad
805 1005 895 1063 totius
929 1004 1063 1082 corporis
1096 1001 1278 1063 medicinalis

106 1099 259 1160 historiam
282 1100 385 1178 primis
409 1098 495 1159 lineis
520 1089 729 1178 designandam
753 1099 979 1180 adhiberentur,
1011 1102 1278 1180 auspicatissimum

106 1196 161 1257 sibi
184 1197 291 1256 horum
312 1197 478 1258 studiorum
497 1206 565 1277 post
585 1197 932 1259 tumultuariosbemosii
946 1197 1130 1258 Mercurialis
1150 1198 1278 1259 Gruueri

106 1296 302 1357 Acheruranni
330 1294 465 1355 Grimmii
489 1294 656 1374 Sprengelii
678 1295 777 1356 Linhii
799 1296 943 1356 Meixneri
966 1295 1082 1356 labores
1106 1296 1278 1357 fundamen-

107 1402 167 1454 tum
198 1395 276 1454 iecit.
323 1393 540 1453 demonstrauit
570 1396 663 1475 enirn,
696 1395 800 1473 quinto
832 1402 997 1473 quartoque
1029 1400 1096 1454 ante
1128 1393 1278 1454 Christum

108 1492 224 1552 saeculo
235 1509 304 1552 cum
319 1509 334 1550 a
348 1493 451 1570 paucis
465 1492 550 1551 heret
565 1491 740 1570 placitorum
752 1491 1018 1572 Hippocrateorum
1030 1494 1140 1552 mentio
1151 1486 1185 1574 1),
1205 1494 1278 1552 anti·

107 1593 317 1669 quissimorum
334 1598 436 1650 contra
452 1596 719 1650 commentatorum
740 1598 770 1650 et
789 1589 1068 1669 glossographorum
1079 1589 1279 1670 temporibus,

106 1686 296 1748 Alexandriae
325 1689 376 1766 qni
404 1687 550 1747 llorebant
573 1687 642 1747 inde
666 1706 681 1746 a
706 1688 786 1748 tertii
810 1688 919 1748 saeculi
944 1689 1028 1748 initio
1053 1681 1278 1767 (Erasistratum

99 1786 184 1866 dico,
209 1784 416 1866 Herophilum,
440 1785 607 1866 Bacchium,
631 1784 794 1866 Philinum,
818 1784 976 1865 Glauciam,
1000 1783 1125 1866 Zeuxin,
1148 1784 1278 1844 Heracli-

106 1884 172 1944 dem
196 1876 415 1966 Tarentiuum),
439 1883 622 1944 collectionis
645 1881 736 1942 libros
760 1885 791 1942 in
816 1882 968 1944 codicibus
992 1885 1103 1942 nostris
1127 1901 1196 1942 mss.
1220 1889 1278 1942 tra·

106 1983 182 2043 ditos
206 1981 272 2042 luce
296 1981 438 2042 subitaria
468 1980 656 2042 collustratos
679 1999 822 2062 apparere
852 1989 965 2053 tantum
989 1999 1048 2041 non
1078 1998 1190 2040 omncs.
1222 1999 1279 2059 qua

105 2080 326 2141 substructione
359 2078 489 2158 condita,
518 2080 685 2139 firmissima
713 2077 761 2138 illa
791 2079 924 2160 quidem,
953 2081 1011 2140 iam
1039 2073 1075 2138 ad
1103 2078 1133 2138 id
1161 2086 1279 2158 tempus

105 2177 304 2239 deliniendum
331 2195 521 2257 progressae,
552 2197 610 2256 quo
639 2178 727 2239 talem
756 2176 851 2256 qualis
874 2176 910 2236 ad
934 2178 1129 2256 posteriorem
1154 2184 1279 2236 aetatem

105 2284 265 2356 propagata
284 2284 365 2336 esset
383 2275 589 2336 collectionem
612 2278 641 2336 in
667 2276 773 2354 uolgus
797 2283 897 2335 notam
922 2275 1053 2336 nondum
1077 2275 1170 2334 fuisse
1193 2293 1278 2354 argu-

106 2381 207 2434 mento
236 2382 367 2434 statuere
396 2373 500 2434 liceret
527 2376 598 2435 satis
627 2374 772 2454 euidenti,
796 2376 894 2433 minus
918 2372 1044 2434 feliciter
1069 2375 1128 2451 egit
1152 2372 1277 2433 Franco·

106 2471 209 2550 gallus.
234 2468 339 2548 allegat
362 2487 490 2548 namque
510 2469 676 2532 Aristotelis
695 2470 802 2552 locum,
826 2474 857 2531 in
880 2470 1008 2531 Historia
1028 2469 1197 2530 animalium
1212 2469 1280 2530 libri

105 2571 187 2630 tertii
218 2571 313 2648 capite
347 2571 435 2630 tertio
464 2562 632 2650 obuiom2),
660 2567 712 2629 ubi
739 2586 884 2629 uenarum
914 2571 1048 2648 corporis
1078 2568 1200 2629 humani
1228 2569 1277 2629 de-

105 2669 297 2747 scriptionem
313 2669 452 2746 proponit
472 2667 668 2750 StagiriteS,e
687 2665 790 2747 Polybi
813 2685 903 2746 opere
923 2666 1111 2747 Hippocratis
1136 2684 1279 2744 generum
1346 2684 1348 2701 ⁸

105 2783 194 2844 quem
219 2765 310 2826 fuisse
334 2765 486 2845 proditum
509 2773 556 2826 est
579 2752 777 2848 desumptam,
807 2765 888 2846 inde,
912 2765 1014 2825 eadem
1039 2765 1118 2844 quod
1143 2774 1280 2826 occurrat

105 2867 136 2925 in
162 2863 349 2944 collectione,
373 2863 471 2924 libello
492 2863 527 2923 dc
547 2862 658 2924 Natura
677 2863 804 2924 bominis
824 2855 979 2946 insertal),
1000 2863 1166 2924 Aristotelis
1185 2872 1280 2925 aetate
1318 2905 1320 2909 .
1369 2929 1374 2933 ,

104 2980 215 3041 corpus
243 2961 474 3041 Hippocrateum
502 2964 533 3021 iu
562 2961 659 3021 lucem
688 2962 819 3023 nondum
847 2961 995 3042 prodiisse
1026 2961 1163 3022 concludi
1192 2981 1279 3040 posse
1343 2980 1348 2992 ⁴

104 3069 197 3141 ratus,
220 3062 329 3140 quippe
350 3059 429 3138 quod
450 3062 474 3120 si
498 3061 554 3119 iarn
579 3061 799 3120 concinnatum·
813 3061 918 3120 luisset
942 3078 976 3120 eo
1000 3066 1144 3138 tempore,
1168 3061 1279 3136 Happe-

104 3165 223 3219 crutem
251 3159 385 3246 loturum
415 3158 505 3218 luisse
534 3167 567 3219 ut
595 3160 761 3218 nominaret
789 3157 977 3237 Aristoteles,
1006 3176 1064 3217 non
1094 3151 1279 3242 Polybum4)

105 3274 181 3334 quae
206 3257 376 3315 coniectura
400 3255 455 3314 hac
479 3272 511 3315 11
536 3274 610 3316 cunr.
624 3255 802 3336 stabiliatur,
822 3255 901 3334 quod
920 3254 1077 3315 nonnullos
1098 3254 1280 3316 collectionis

105 3347 256 3434 libellos⁵)
285 3361 352 3412 ante
376 3352 564 3414 Aristotelem
593 3357 778 3432 conscriptos
807 3372 865 3413 non
891 3369 956 3412 esse
981 3355 1137 3413 euincatur
1161 3337 1280 3414 rationi·

182 3543 207 3610 1)
222 3542 247 3595 A
260 3543 378 3598 Platone
393 3541 509 3612 scilicet,
530 3542 633 3610 etesia,
652 3542 750 3599 Diocle
769 3539 906 3612 Carystio,
924 3542 1085 3610 Aristotele,
1104 3545 1136 3597 ut
1150 3543 1281 3600 omittam

102 3623 274 3694 posteriores
297 3624 442 3692 quosdam.
481 3624 556 3693 quod
580 3622 931 3692 Thesmophoriazusarum
956 3640 1039 3678 uersu
1062 3629 1114 3678 273
1139 3624 1175 3678 od
1195 3618 1281 3695 ὅρκον

103 3703 195 3758 alludi
215 3705 311 3758 censet
329 3702 451 3759 Littreus
470 3706 483 3758 Ι
497 3721 524 3773 p.
540 3710 582 3772 31,
602 3720 700 3758 uereor
713 3719 748 3757 ne
763 3701 837 3756 nulli
848 3704 1018 3773 persuaserit
1032 3704 1143 3771 praeter
1158 3705 1281 3760 11111111-

103 3783 251 3838 baumium
274 3781 452 3838 futtilissima
473 3782 695 3839 hallucinantem
724 3784 837 3852 (Archiv
865 3783 910 3837 fiir
939 3783 984 3837 die
1007 3786 1132 3853 gcsamte
1160 3785 1281 3839 medicin

102 3865 270 3933 herausgeg.
286 3879 341 3918 von
355 3863 402 3919 Dr.
413 3864 544 3918 HHaeser
557 3865 570 3917 I
584 3882 610 3933 p.
627 3870 677 3919 101
685 3865 756 3932 sqq.)
770 3863 919 3934 ipsumque
933 3863 1087 3920 Haeserunt
1103 3864 1280 3934 (Gerchichte

102 3944 158 3998 der
173 3942 295 3998 medicis
313 3943 340 3997 Ι8
358 3962 385 4013 p.
407 3949 457 3998 too
468 3945 529 4012 sq.).

178 4026 205 4094 2)
225 4042 252 4093 p.
272 4025 348 4078 5121>
368 4031 401 4078 12
415 4025 539 4079 Belxlxer:
559 4022 713 4088 Συέννεσις
732 4023 784 4095 μὲν
803 4016 856 4078 οὖν
874 4023 923 4078 καὶ
942 4023 1081 4094 Διογένης
1100 4017 1188 4086 οὕτως
1207 4022 1275 4094 εἰρή-

102 4121 199 4172 κασιν,
218 4103 380 4176 Πόλυβος
399 4101 430 4158 ‹tt
451 4095 516 4159 ὦδε
537 4109 592 4159 κτλ.

178 4185 206 4252 3)
228 4181 293 4252 Cap.
314 4185 360 4250 Xl,
379 4187 446 4238 tom.
466 4185 505 4238 VI
523 4203 550 4253 p.
572 4191 605 4240 58
620 4202 660 4252 sq.
679 4185 710 4238 L.

179 4265 207 4332 4)
228 4263 267 4318 of.
288 4263 300 4315 I
319 4282 345 4333 p.
365 4270 399 4318 46
413 4282 452 4332 sq.
472 4270 533 4318 262.
554 4271 606 4319 264
617 4283 657 4333 sq.
678 4269 729 4318 345
740 4282 799 4333 sqq.
819 4265 849 4318 L.

178 4347 206 4414 ὃ)
225 4341 265 4400 uf.
284 4344 298 4396 I
316 4361 343 4414 p.
363 4349 415 4398 382
426 4362 483 4414 sqq.
