2994 4898
664 207 920 279 .—5s-

229 390 303 430 mus
345 371 414 449 quid
439 368 551 450 igitur?
574 370 611 430 de
636 372 776 430 uniuerso
802 389 876 449 quae
896 369 1031 431 ualerent
1051 370 1154 450 quidni
1177 369 1212 429 ad
1237 370 1402 431 humanum

229 487 338 548 corpus
358 465 614 530 transferrentur?
651 469 729 548 qnod
749 468 786 529 ab
805 467 979 528 Alcmaeone
999 467 1166 528 Crotoniata
1187 468 1296 528 facturn
1316 487 1401 528 acce·

229 569 336 646 pimus
374 569 459 627 cuius
479 566 515 626 de
534 566 649 646 placitis
670 586 743 647 quae
764 567 871 627 tradita
890 570 949 627 sint
973 567 1127 645 quaerenti
1150 566 1403 644 proficiscendum

231 672 277 724 est
300 684 316 723 a
338 664 470 746 Laertio,
492 662 653 744 plurimum
679 683 746 726 eum
770 666 800 724 in
824 665 970 725 medicina
994 673 1146 724 uersatum
1170 681 1235 723 csse
1259 675 1402 724 narrante

230 760 292 821 Vlll
317 759 338 824 5
362 753 415 844 (τὰ
438 754 575 823 πλεῖστοί
599 754 630 842 γ’
657 754 786 845 ίατρικὺ
812 757 913 841 λέγει,
943 752 1031 841 ὅμως
1059 753 1096 821 δὲ
1124 752 1178 821 καὶ
1203 761 1406 840 φυσιολογεῖ

230 854 358 942 ἐνίοτε).
394 860 518 921 -aliluxit
544 869 642 922 autern
668 861 753 921 nobis
777 860 961 920 Alcmaeonis
986 860 1119 920 doctrina
1144 858 1249 919 riualis
1273 857 1402 940 duobus,

231 958 399 1018 Aristotelis
429 967 459 1019 et
487 960 572 1020 Astii.
624 959 760 1036 similiter
791 967 879 1037 atque
907 957 1107 1038 Pythagoreos
1137 956 1272 1017 bifariam
1302 957 1401 1018 distri·

231 1055 331 1128 buisse
347 1055 554 1118 Alcmaeonem
569 1053 687 1119 ‘rerum
703 1058 898 1118 humanarum
913 1051 1071 1135 plurimas'
1087 1057 1180 1116 refert
1193 1055 1241 1116 ille
1258 1046 1403 1138 (ἄπεφή-

166 1192 172 1204 -
231 1173 312 1214 νατο
337 1147 374 1216 δὲ
397 1156 633 1236 παραπλησίως
656 1145 893 1235 τούτοις“<εοί1.
917 1161 986 1226 τοῖς
1010 1151 1292 1234 Πνθαγορείοις>·
1317 1149 1403 1233 φησὶ

231 1244 295 1332 γὰρ
319 1242 493 1324 εἶναιςδῦο
516 1246 556 1314 τὰ
579 1246 685 1316 πολλοὶ
708 1252 776 1316 νῦν
799 1243 1043 1334 ἀνθρωπίνων,
1067 1247 1172 1331 λέγων
1196 1243 1255 1325 τὰς
1273 1247 1403 1313 ἐναντι-
1488 1261 1489 1334 ᾖ

232 1342 350 1429 ότητας
372 1341 434 1431 οῦχ
458 1342 567 1432 ὥσπερ
591 1337 685 1413 οὑτοι
705 1346 924 1434 διωρισμένας
948 1341 1033 1411 ἀλλὰ
1050 1343 1109 1424 τὰς
1126 1343 1305 1432 τυχούσας,
1326 1338 1404 1412 οἷον
1488 1389 1489 1440 3

232 1438 351 1509 λευκὸν
385 1441 505 1529 μέλαν,
538 1443 643 1529 γλυκὺ
675 1443 811 1530 πικρόν,
844 1440 977 1529 ἀγαθὸν
1009 1441 1128 1528 κακόν,
1166 1440 1251 1529 μέγα
1282 1441 1407 1530 μικρόν
1488 1531 1489 1536 ¹

231 1545 389 1626 Metaph.l
413 1543 434 1608 5
457 1566 485 1626 p.
501 1544 591 1609 9861)
612 1542 683 1630 29):
707 1546 827 1608 morbos
851 1547 1000 1608 facultatis
1022 1549 1126 1628 unius,
1150 1547 1265 1607 humidi
1289 1548 1407 1608 scilicet
1488 1579 1489 1618 .

232 1646 320 1725 sicci,
344 1644 443 1724 frigidi
467 1645 566 1728 calidi,
590 1649 681 1706 amari
701 1645 796 1707 dulcis
815 1645 997 1725 reliquarum
1017 1646 1215 1706 dominatione
1239 1648 1319 1724 gigni
1343 1646 1406 1725 pla·

232 1745 330 1803 cuisse
364 1742 632 1822 Pseudoplutarchi
666 1743 844 1822 Stobaeiqne
877 1753 993 1804 constat
1026 1743 1174 1822 excerptis
1202 1734 1408 1826 (Ἀλκμαίων

231 1837 289 1920 τῆς
312 1832 374 1920 μὲν
396 1831 510 1920 ὑγείας
533 1832 620 1902 εἶναι
644 1833 893 1921 συνεκτικτικίγν
920 1833 982 1922 τὴν
1011 1839 1188 1922 ἰσονομίαν
1211 1838 1278 1903 τῶν
1302 1834 1407 1902 δυνολ·

232 1956 336 2017 μεων,
359 1926 467 2020 ὑγροῦ
491 1933 608 2021 ξηροῦ,
629 1936 761 2021 ψυχροῦ
785 1937 931 2019 θερμοῦ,
954 1937 1076 2021 πικροῦ
1100 1931 1239 2019 γλυκέος
1256 1934 1311 2001 καλ
1334 1937 1408 2001 τῶν
1488 1943 1489 2024 ζ

233 2031 375 2113 λοιπῶν,
398 2028 460 2114 τὴν
484 2026 515 2095 δ’
536 2031 572 2097 ἐν
596 2026 710 2107 αῦτοῖς
732 2037 919 2119 μοναρχίαν
936 2030 1043 2100 νόσον
1061 2030 1249 2118 ποιητικήν·
1274 2041 1409 2119 gadono-

232 2123 331 2194 ποιὸν
354 2153 419 2213 γαρ
444 2128 600 2215 ἑκατέρου
623 2133 818 2216 μοναρχίαν.
854 2129 910 2196 καὶ
933 2129 1038 2197 νόσον
1062 2135 1259 2216 συμπίπτειν
1278 2127 1323 2209 ὡς
1342 2129 1409 2214 μὲν

231 2221 292 2310 ὑφ’
318 2215 363 2292 οῦ
386 2221 554 2313 ὑπερβολῇ
578 2223 785 2314 θερμότητος
807 2222 827 2312 ἢ
851 2227 1071 2316 ψυχρότητος,
1096 2225 1140 2306 ῦς
1163 2228 1200 2294 δὲ
1224 2229 1257 2308 ἐξ
1281 2219 1323 2295 οῦ
1348 2226 1410 2294 διὰ

232 2323 362 2407 πλῆθος
379 2317 400 2406 ἢ
420 2325 553 2388 ἔνδειαν
573 2320 706 2408 ...τὴν
725 2323 762 2391 δὲ
780 2321 898 2410 ὑγείαν
917 2327 980 2412 τὴν
1000 2325 1190 2414 σύμμετρον
1210 2329 1278 2394 τῶν
1297 2328 1409 2393 ποιοῦν

182 2415 186 2423 ’
232 2423 352 2507 κρᾶσιν
376 2425 501 2505 Doxogr.
525 2419 714 2508 p.442sq.).

321 2522 396 2612 Qut)⁸
410 2523 561 2584 luculento
584 2525 769 2586 Alcmaeonis
793 2525 927 2605 exemplo
952 2545 1009 2606 qua
1033 2528 1148 2586 ratione
1173 2530 1304 2588 auctoris
1328 2524 1409 2610 περὶ
1488 2577 1489 2592 .

233 2612 373 2704 ολρχαίης
403 2619 551 2703 ἰητρικῆς
578 2625 782 2702 processerint
805 2621 982 2703 aduersarii,
1009 2625 1106 2683 animo
1137 2623 1207 2685 licet
1234 2626 1409 2689 informare.

233 2722 415 2781 sicutenim
439 2719 488 2779 ille
512 2739 528 2778 a
552 2719 745 2800 Pythagoreis
776 2728 805 2781 et
825 2721 1046 2800 aequabilitatis
1069 2724 1222 2783 notionem
1252 2734 1409 2786 mutuatus

233 2827 279 2879 est
307 2826 338 2878 et
365 2819 596 2899 contrariorum,
624 2818 660 2878 de
690 2818 881 2899 qualitatibus
909 2819 1077 2880 lonicorum
1106 2821 1228 2880 inuenta
1256 2823 1290 2880 in·
1316 2840 1409 2884 suum
1488 2815 1489 2894 ᾗ

170 2928 172 2934 ’
234 2934 320 2977 usum
350 2917 535 2976 conuertisse
564 2904 714 2996 putandus
743 2912 793 3000 (cf.
817 2917 956 2979 Krische:
986 2917 1032 2978 die
1061 2916 1190 2997 theolog.
1219 2919 1322 2980 lehren
1351 2922 1409 2982 der
1488 2917 1489 2964 f

233 3013 439 3093 griechischen
463 3012 576 3075 denher
600 3035 627 3106 p.
644 3012 686 3077 74
706 3012 777 3098 sq.),
800 3019 841 3077 ita
862 3016 1047 3097 hypothetici
1071 3017 1221 3076 communi
1252 3034 1308 3094 qua
1333 3026 1410 3079 franc
1488 3029 1489 3064 ἐ

196 3170 199 3173 .
233 3115 263 3173 in
282 3130 384 3172 rerum
404 3119 539 3174 naturam
558 3114 794 3192 inuestigabatur
815 3114 953 3194 cupidine
972 3114 1091 3174 accensi
1109 3115 1244 3191 priorum
1259 3113 1408 3198 amplexa·
1488 3109 1489 3178 i

234 3208 342 3269 bantur
365 3209 471 3288 placita
494 3211 629 3292 physica,
653 3212 731 3291 quod
756 3231 772 3271 a
795 3212 938 3292 sophistis
962 3213 1080 3291 saepius
1105 3213 1214 3270 facturn
1239 3229 1303 3272 esse
1326 3211 1410 3273 harad
1488 3267 1489 3296 χ

233 3310 351 3386 ignoras
370 3325 481 3368 ‚eorum
509 3326 544 3367 ex
568 3311 631 3388 ipsa
662 3309 835 3371 collectione
865 3328 939 3389 quae
969 3328 1058 3388 supra
1087 3308 1172 3370 attuli
1202 3310 1409 3390 exemplorum
1488 3307 1489 3376 ξ

234 3422 347 3465 memor
371 3398 422 3487 (cf.
445 3424 473 3484 p.
491 3402 532 3466 15
547 3402 635 3486 sqq.).
1488 3415 1489 3486 j

322 3501 449 3563 Exortae
480 3505 572 3582 igitur
602 3523 706 3566 eorum
736 3506 888 3567 doctrinae
920 3507 1062 3567 naturalis
1096 3508 1237 3566 scientiae
1268 3511 1409 3585 quamuis

234 3602 317 3662 rudis
346 3601 503 3662 admodum
533 3611 563 3664 et
590 3603 719 3664 incultae
747 3604 952 3664 fundamento:
984 3613 1087 3664 contra
1115 3603 1151 3664 ab
1180 3611 1302 3664 auctore
1329 3601 1409 3686 περὶ
1488 3605 1489 3662 3

233 3693 349 3784 τέχνης
377 3701 429 3778 qui
453 3698 630 3761 refelluntur
655 3702 818 3762 medicinae
840 3704 968 3782 inimici,
997 3710 1027 3762 et
1056 3701 1092 3763 ab
1116 3711 1179 3762 arte
1203 3704 1310 3762 remoti
1334 3715 1410 3765 sunt

234 3805 264 3858 et
287 3815 302 3856 a
326 3779 518 3877 philosophia.
560 3799 601 3859 nil
626 3799 718 3882 ualet,
741 3800 819 3878 quod
844 3810 874 3861 et
897 3803 927 3862 in
950 3799 1026 3860 libro
1050 3802 1228 3878 pretiosiore
1253 3801 1408 3864 interdum

232 3894 342 3956 leuiter
360 3897 547 3974 attinguntur
566 3915 671 3958 eornm
691 3900 911 3959 criminationes
931 3893 991 3980 (cf
1004 3888 1044 3959 οῦ
1064 3891 1149 3978 φημί
1166 3896 1208 3979 δη
1228 3890 1286 3959 διὰ
1305 3897 1408 3962 τοῦτο

234 3991 306 4054 δεῖν
330 3985 392 4075 τὴν
414 3989 534 4074 τέχνην
558 3986 602 4069 ῦς
626 3985 697 4056 οῦκ
721 3991 867 4058 ἐοῦσαν
892 3986 972 4057 οῦδὲ
994 3993 1101 4070 καλῶς
1122 3991 1320 4077 ζητεομένην
1343 3990 1409 4078 τὴν
1488 3979 1489 4046 ί

234 4082 377 4172 ἀρχαίην
400 4082 631 4170 ῦποβαλέσθαι
655 4093 667 4153 l
690 4113 717 4172 p.
738 4090 816 4175 5963
844 4086 986 4172 μάλιστα
1015 4086 1051 4155 δὲ
1080 4086 1168 4168 ἄξιοι
1196 4089 1409 4175 μέμψασθαι,
1488 4089 1489 4152 ?

234 4181 285 4250 iz'm
309 4181 395 4268 cippi
418 4184 534 4269 τέχνης
558 4183 716 4271 ἐούσης,
744 4177 766 4273 ᾗ
788 4187 947 4272 χρέονταί
966 4212 1000 4253 τε
1023 4184 1144 4264 πάντες
1167 4185 1219 4253 ἐπὶ
1242 4201 1329 4253 τοῖσι
1353 4215 1408 4274 με·

233 4292 377 4373 γίστοισι
409 4280 464 4348 καὶ
496 4284 614 4369 τιμιῦσι
646 4283 788 4370 μάλιστα
815 4281 893 4363 τοῦς
924 4279 1077 4368 ίιγαθοὺς
1110 4283 1318 4371 χειροτέχνας
1349 4287 1409 4354 καὶ
