2936 4902
540 267 759 330 -21-
832 237 859 280 ²

64 452 193 512 causam,
219 441 354 494 tenemur
373 433 532 510 praecipue
557 433 688 491 oratione
713 425 799 513 περὶ
824 429 973 520 φυσῶν,
998 434 1033 492 ει]
1054 452 1156 494 earum
1176 437 1239 494 siue
1297 495 1301 522 Ι
1403 485 1408 495 .

63 532 152 592 (lubio
183 549 257 610 quas
286 530 372 590 modo
400 531 586 608 impugnatos
617 529 970 610 uidimus'sc'riptionum
1001 531 1125 592 classem
1148 535 1238 612 perti-

65 638 161 691 nente.
187 631 325 690 conferas
340 628 426 689 modo
443 635 575 687 extremo
592 626 666 688 libro
683 623 757 707 qtrae
773 628 924 708 leguntur:
941 619 1131 710 ὑπεσχόμην
1147 623 1184 692 ot
1198 622 1240 691 τὸ

64 731 198 790 αἴτιον
221 725 290 790 τῶν
314 719 513 806 νοσημάτων
537 719 744 807 φράσαι...
769 718 898 806 ἤγαγον
922 719 958 788 ot
981 718 1041 788 τόν
1065 720 1169 807 λόγον
1189 723 1242 788 ε’πλ

63 820 103 887 τά
126 819 281 907 ννοόριμα
303 823 371 887 τῶν
395 816 681 906 ἀρρωστημάτων,
711 819 751 885 έν
780 811 887 886 οἷσιν
915 817 1068 905 allecha
1096 816 1116 906 ν)
1145 817 1241 887 ὑπό-

62 929 176 998 θεσις
201 917 403 1005 ἐφάνηίίΙ
426 942 455 1001 p.
480 918 543 983 114
566 915 645 1004 L)1),
669 925 847 1002 supponitur
871 932 970 984 autem
994 943 1058 985 aer.

155 1023 247 1083 Vetus
268 1030 331 1082 erat
349 1023 540 1082 Anaximeuis
559 1020 714 1101 placitum,
730 1021 884 1082 defensum
904 1024 1074 1103 etamplius
1090 1023 1240 1083 excultum

62 1144 79 1182 a
114 1123 244 1201 Diogene
278 1120 474 1200 Apolloniata,
507 1137 608 1179 rerum
641 1119 837 1198 primordium
870 1138 936 1180 esse
970 1139 1046 1181 aera.
1093 1139 1152 1199 quo
1184 1138 1241 1199 qna

62 1223 179 1281 ratione
204 1222 251 1280 usi
275 1221 335 1280 sint
358 1218 525 1298 sophistae,
548 1216 733 1278 luculentum
757 1219 961 1278 testimonium
985 1227 1030 1278 est
1054 1214 1101 1278 ‘de
1123 1212 1240 1298 uentis’

61 1319 247 1379 declamatio.
290 1319 377 1377 sicuti
401 1315 508 1377 Thales
532 1334 548 1374 a
572 1333 657 1374 casca
681 1314 729 1376 illa
754 1317 893 1394 opinione
914 1316 1040 1395 mythice
1065 1317 1101 1377 de
1121 1315 1240 1377 Oceano

62 1435 167 1478 rerum
187 1424 270 1495 patre
290 1402 443 1493 proiectus
462 1416 492 1474 iu
512 1432 586 1492 equa
607 1422 717 1474 terram
736 1423 838 1474 natare
859 1413 1125 1495 demonstrauerat,
1144 1404 1245 1493 ipsius

61 1517 214 1596 principio
247 1505 323 1596 (calo
353 1509 418 1592 γῆν
451 1503 500 1591 ἐφ’
535 1502 657 1584 ὕδατος
689 1503 882 1590 ἀπεφήνατο
915 1502 1001 1572 εἶναι
1034 1511 1082 1572 Ar.
1112 1511 1239 1591 Metaph.

61 1635 92 1694 p.
117 1608 313 1692 983121),
341 1612 381 1671 ita
410 1612 441 1669 in
469 1628 537 1669 aera
565 1608 669 1669 incidit
696 1609 871 1668 Asianorum
901 1611 1022 1689 certius,
1050 1611 1159 1688 quippe
1188 1611 1240 1687 qui

61 1720 173 1772 crrncta
193 1709 443 1788 complecteretur
462 1699 558 1789 (ὅλον
577 1699 637 1769 τὸν
652 1698 779 1786 κόσμον
794 1703 924 1786 πνεῦμα
938 1700 993 1766 καὶ
1010 1696 1078 1787 ’άὴρ
1097 1698 1239 1786 περιέχει

63 1810 131 1869 Aet.
156 1806 233 1867 Plac.
257 1807 269 1865 l
293 1801 338 1890 3).
384 1805 488 1866 eodem
513 1804 704 1865 fundamento
729 1805 834 1865 nititur
858 1804 990 1884 sophista
1015 1812 1117 1864 noster
1141 1807 1239 1864 omnia
1315 1795 1318 1800 ’
1395 1799 1406 1812 '

61 1920 175 1969 terram
200 1907 279 1966 inter
302 1914 332 1965 et
356 1903 469 1965 caelum
494 1905 617 1983 spiritus
639 1904 726 1983 plena
746 1921 811 1963 esse
834 1903 961 1964 allererls
986 1893 1089 1982 (άπαν
1113 1894 1177 1983 γάρ
1201 1893 1239 1963 τὸ

59 1996 186 2086 μεταξὺ
214 2000 275 2083 χῆς
301 1994 415 2062 τεκαὶ
444 1992 594 2080 οὐρανοῦ
622 1993 809 2080 πνεύματος
837 1993 980 2081 έμπλεόν
1008 1996 1097 2062 ἐστιν
1121 2021 1148 2080 p.
1172 1994 1240 2083 94).

60 2121 154 2183 quem
170 2099 294 2180 ,quidem
315 2101 412 2159 omnia
431 2117 585 2178 permeare
605 2107 784 2182 exposuerat
802 2097 948 2178 Diogenes
971 2093 1094 2180 (δοκέει
1117 2118 1240 2177 μοι...

60 2199 100 2264 ἐν
129 2191 228 2260 παντὶ
257 2193 389 2258 ἐνεῖναι.
435 2190 490 2257 καὶ
514 2195 604 2258 ἔστιν
629 2188 709 2259 οὐδὲ
733 2193 784 2276 ἓν,
814 2188 833 2257 ό
856 2217 887 2257 τι
911 2188 954 2277 μὴ
984 2191 1136 2277 μετέχει
1164 2189 1240 2256 τού-

58 2319 124 2360 του
154 2297 232 2377 apml
262 2294 363 2374 Simpl.
392 2294 478 2373 Phys.
502 2313 529 2373 p.
556 2291 632 2376 152,
661 2288 777 2378 aon),
810 2297 849 2355 ita
879 2305 911 2356 ut
939 2314 1013 2374 aque
1043 2313 1161 2374 quoque
1190 2313 1240 2354 aer

61 2398 256 2458 contineatur
281 2389 382 2475 (Arist.
407 2393 443 2453 de
467 2393 582 2472 Respir.
606 2413 633 2472 p.
653 2390 717 2454 471
739 2413 752 2452 a
773 2391 808 2453 3:
832 2388 867 2452 έκ
890 2389 951 2453 τοῦ
974 2385 1049 2473 περὶ
1071 2384 1109 2452 τὸ
1134 2383 1240 2471 στόμα

58 2491 283 2578 περιεστῶτος
301 2483 424 2564 ῧόατος
443 2486 549 2551 έλκειν
569 2487 718 2575 epiceopi
737 2487 782 2573 τῷ
807 2486 844 2551 έν
862 2488 907 2574 τῷ
928 2482 1065 2570 στόματι
1084 2480 1143 2551 τὸν
1158 2479 1241 2569 άέρα

58 2583 247 2674 <solicolae
271 2587 391 2671 ίχθῦς)
415 2580 463 2663 ὡς
491 2581 655 2660 ἐνόντος
679 2582 718 2648 έν
746 2585 798 2674 τῷ
827 2580 943 2650 ὕδατι
971 2579 1125 2670 άέρος);
1163 2587 1240 2648 idem

61 2698 188 2754 enarrat
210 2686 479 2766 Pseudippocrates
502 2687 607 2747 uiuere
631 2705 690 2746 non
714 2705 801 2766 posse
825 2687 935 2747 doeens
960 2685 1095 2746 animalia
1120 2687 1241 2766 marina,

58 2792 122 2850 uisi
156 2804 231 2866 aqua
264 2802 383 2864 quoqne
417 2785 541 2862 spiritus
572 2783 777 2845 includeretur
815 2779 921 2867 (τίνος
953 2768 1051 2855 οὗτος
1087 2774 1240 2858 άπεστιν;

58 2885 150 2967 (scil.
174 2876 191 2946 ὁ
211 2875 299 2964 άήρ)
323 2871 343 2963 ἢ
367 2881 434 2942 τίνι
459 2874 499 2943 οὐ
524 2875 762 2963 ξαμπάρεστιν;
782 2929 788 2942 .
809 2929 815 2942 .
835 2928 842 2944 .
861 2873 945 2943 ἄλλά
970 2874 1037 2962 μὴν
1061 2872 1111 2942 ὅτι
1129 2875 1183 2942 καὶ
1203 2873 1240 2942 τὸ

58 2981 207 3063 πέλαγος
235 2975 389 3062 μετέχει
416 2972 618 3061 πνεύματος,
647 2972 811 3060 φανερόν·
858 2971 899 3041 οὐ
928 2970 991 3061 γάρ
1021 2971 1065 3040 tio
1092 2997 1172 3040 ποτε
1199 2972 1239 3041 τά

58 3073 178 3144 πλωτά
213 3076 277 3154 ζῶα
311 3075 369 3161 ζῇν
402 3069 569 3158 ἠδύνατο,
597 3070 641 3158 μὴ
670 3073 881 3159 μετέχοντα
909 3070 1108 3157 πνεύματος·
1155 3098 1241 3157 μετ-

59 3177 199 3260 έχοιεν
228 3169 265 3238 ot
288 3173 357 3249 πῶς
381 3165 424 3237 άν
447 3167 571 3255 άλλως,
602 3165 674 3235 ἀλλ’
701 3164 722 3255 ἢ
750 3173 806 3236 διὰ
835 3174 895 3238 τοῦ
924 3167 1062 3253 ὕδατος,
1090 3170 1153 3246 κάκ
1180 3174 1241 3236 τοῦ

58 3274 189 3350 ὕδατος
212 3270 351 3335 ἕλκοντα
374 3269 435 3336 τόν
458 3264 555 3355 ἠέρα;
583 3266 638 3334 καὶ
666 3265 733 3354 μὴν
756 3264 778 3353 ἥ
805 3293 841 3334 τε
867 3271 910 3353 χι)
939 3265 1062 3335 τούτου
1094 3265 1240 3355 βάθρον,

60 3361 165 3448 οὗτός
184 3391 218 3433 τε
237 3368 295 3452 τῆς
313 3369 374 3450 γῆς
393 3363 544 3452 όχημαῖ),
567 3363 685 3432 κενεόν
704 3389 738 3432 τε
758 3363 861 3432 οὐδέν
882 3367 971 3433 ἐστιν
989 3363 1112 3432 τούτου
1132 3391 1159 3450 p.
1175 3368 1240 3454 94).

60 3469 161 3552 quid?
185 3469 263 3550 quod
288 3487 326 3529 ne
350 3471 414 3531 eius
438 3470 558 3548 quidem
581 3470 733 3530 doctrinae
757 3470 972 3530 Anaximeneae
996 3469 1033 3529 ah
1057 3469 1241 3548 Apolloniata

60 3577 221 3650 receptae,
249 3568 341 3628 denso
370 3569 531 3628 conuenire
560 3567 714 3649 trigidum,
744 3567 871 3628 calidum
900 3570 983 3628 tenni
1016 3563 1067 3649 (cl.
1091 3567 1240 3628 Plutarch.

60 3669 99 3730 de
135 3669 233 3748 primo
267 3665 345 3744 Frig.
370 3664 396 3723 ll
424 3683 452 3744 p.
479 3661 564 3726 1160
596 3662 723 3746 Duehn.;
756 3665 950 3749 Theophrast.
983 3664 1059 3744 apurl
1089 3663 1240 3726 Laertium

139 3804 166 3872 1)
184 3800 282 3870 Neque
297 3801 466 3870 negligende
479 3817 551 3868 quae
565 3801 739 3870 exponuntur
753 3799 832 3869 περὶ
847 3799 964 3868 φυσῶν
978 3818 1005 3870 p.
1020 3805 1054 3854 92
1073 3799 1109 3854 L:
1139 3799 1167 3855 εί
1187 3798 1240 3870 γάρ

59 3905 105 3947 τις
128 3881 219 3950 εἰδείη
238 3878 290 3949 τὴν
309 3879 402 3950 αἰτίην
420 3880 470 3934 τοῦ
490 3875 660 3950 νοσήματος,
686 3875 745 3942 οἷός
764 3875 785 3934 τ’
806 3873 841 3934 άν
862 3881 907 3948 εἴη
925 3877 1096 3949 προσφέρειν
1115 3877 1150 3934 τά
1174 3882 1240 3950 ξομ-

60 3962 194 4033 φέροντα
212 3960 250 4033 τῷ
271 3955 378 4030 σάματι
398 3954 434 4015 έκ
453 3959 520 4013 τῶν
540 3955 710 4014 ἐναντίων
731 3955 959 4030 ἐπιστάμενος
977 3955 1015 4013 τὰ
1037 3957 1240 4033 βοηθήματα

58 4047 131 4109 κτλ,
148 4056 388 4111 quorummemor
401 4038 520 4094 fortasse
534 4041 631 4094 euetor
644 4039 723 4108 περὶ
737 4034 807 4110 ἅρχ.
823 4038 904 4109 ίητρ.
919 4057 946 4109 p.
954 4045 1019 4094 598:
1034 4040 1077 4113 τῷ
1093 4034 1241 4094 ὑπεναν-

57 4126 126 4197 τίῳ
146 4117 316 4192 προσήκει
334 4119 448 4188 λῦσαι,
468 4115 508 4182 ὡς
527 4115 542 4173 ὃ
563 4117 705 4174 ἐκείνων
724 4116 828 4189 λόχος
847 4117 928 4190 ἔχει.

139 4204 167 4273 2)
186 4201 227 4256 Cf.
246 4201 281 4255 de
305 4199 476 4254 Anaximene
499 4199 668 4270 Hippolytus
686 4199 745 4254 Rei.
766 4218 792 4269 p.
813 4205 909 4268 561,2
933 4199 1026 4255 Diels:
1055 4194 1107 4269 τὴν
1131 4196 1162 4253 ot
1187 4199 1241 4268 γῆν

58 4288 205 4338 πλατεῖαν
220 4277 296 4336 εἷναι
311 4275 370 4335 ἐπ’
385 4276 489 4350 ἀέρος
508 4277 523 4334 ό
530 4279 717 4351 χονμένην,
737 4275 840 4349 ὁμοίως
854 4277 886 4334 tl
901 4279 950 4334 καὶ
964 4274 1043 4349 ἥλιον
1058 4279 1107 4334 καλ
1122 4275 1241 4349 σελήνην

59 4362 116 4418 καὶ
132 4359 167 4417 τά
183 4351 253 4416 ἄλλα
268 4356 358 4432 ἄστρα
372 4355 465 4415 πάντα
480 4358 585 4430 πόρινα
600 4355 669 4415 όντα
689 4355 896 4430 ἐποχεῖσθαι
915 4361 956 4435 τῷ
971 4355 1051 4431 ἆέρι
1066 4357 1114 4416 διά
1129 4357 1240 4424 πλάτος.
