2994 4898
627 243 914 348 zeo-

166 509 169 530 2
222 441 276 506 καὶ
304 442 403 508 τοῦτο
433 443 470 508 ἓν
498 439 555 508 έδν
584 419 822 527 μεταλλάσσειν
850 439 910 527 τὴν
940 443 1034 527 ἰδέην
1062 442 1117 508 καλ
1146 440 1397 528 τὴνδάναμιυ,

221 536 490 625 ἀναγκαζόμενον
518 535 584 606 ὑπό
612 565 646 606 τε
674 543 735 606 τοῦ
759 543 891 627 θερμοῦ
914 540 969 606 καὶ
992 543 1053 607 τοῦ
1077 543 1208 628 ψυχροῦ
1232 540 1287 606 καὶ
1311 545 1398 625 γίνε·

222 645 304 704 σθαι
323 639 378 703 καί
398 637 503 722 γλυκὺ
526 619 582 704 abt
600 635 721 724 πικρὸν
745 637 799 703 καὶ
819 635 938 703 λευκὸν
957 638 1012 704 καὶ
1036 638 1138 723 μέλαν
1162 638 1216 704 καὶ
1236 636 1398 706 παντοῖόυ

220 761 251 801 τι
281 733 362 802 άλλο
392 761 418 821 p.
443 735 515 824 34),
547 741 696 821 ponebant
725 750 823 802 autem
853 743 1026 819 sanguinem
1056 742 1188 822 quidam,
1220 742 1270 802 alii
1298 742 1398 820 bilem,

222 839 356 900 nonnulli
390 842 525 918 pituitam
555 835 637 920 (τῶν
665 831 702 900 δὲ
736 835 859 918 ἰητρῶν
888 834 922 898 οἰ
948 833 1008 918 μέν
1036 859 1124 912 τινες
1151 833 1322 918 λέγουσιν,
1353 830 1398 912 ὡς

223 929 410 1018 ὥνθρωπος
434 924 514 1016 αἷμα
538 928 666 1017 μοῦνόν
691 932 791 1014 ἐστιν,
816 931 850 996 οἰ
872 926 900 996 δ’
922 926 1036 997 αὐτῶν
1060 929 1163 1018 χολήν
1182 951 1286 1017 φασιν
1311 929 1399 1000 εἰναι

221 1028 281 1096 τὸν
306 1027 502 1116 ἄνθρωπον,
526 1033 610 1095 ἔνιοι
635 1028 674 1095 δέ
695 1053 782 1106 τινες
805 1028 936 1113 φλέγμα
959 1029 1053 1119 ibid).

311 1133 442 1192 Thaletis
465 1133 655 1193 Anaximenis
678 1131 819 1192 Heracliti
849 1132 1000 1194 doctrinae
1025 1133 1213 1212 Empedoclis
1242 1145 1399 1194 cesserunt

223 1239 365 1310 qtrattuor
389 1223 582 1312 ῥιζάμασιυ,
606 1231 679 1290 uicit
698 1229 806 1289 Critiae
827 1230 862 1290 de
882 1233 1025 1310 sanguine
1044 1232 1200 1312 principaii
1220 1234 1398 1292 sententiam

159 1400 161 1410 Ι
224 1325 274 1410 (cl.
299 1331 419 1389 Aristot.
443 1329 479 1388 de
503 1328 598 1389 duim.
622 1347 649 1406 p.
673 1324 739 1388 405
754 1327 771 1387 b
788 1326 821 1389 6:
846 1324 950 1411 ἕτεροι
974 1323 1011 1391 δέ
1035 1317 1116 1412 αἷμα
1138 1323 1291 1411 καθάπερ
1315 1329 1398 1410 Κρι-

112 1477 115 1484 .
159 1428 161 1440 ’
222 1425 294 1499 τίας
314 1426 375 1486 scil.
395 1419 609 1506 λέγουσιτὴν
628 1416 1057 1509 ψυχήυ1))αολιίλίεείιιιοίλλε
1077 1430 1113 1490 de
1134 1437 1273 1508 quattuor
1293 1428 1397 1487 humo·

222 1524 319 1604 ribus,
352 1544 449 1604 nequo
479 1534 576 1586 tamen
604 1543 730 1605 prorsus
757 1527 919 1586 extinctum
949 1535 1013 1588 erat
1041 1527 1173 1588 studium
1206 1527 1241 1586 ad
1275 1528 1397 1586 unicum

225 1625 404 1701 principium
428 1642 476 1683 res
501 1622 662 1701 redigendi.
701 1622 778 1701 qarod
804 1626 983 1701 perspicitur
1007 1644 1022 1685 e
1046 1625 1136 1685 libelli
1159 1617 1234 1706 περὶ
1259 1615 1399 1704 ἀρχαίης

224 1717 372 1800 ἰητρικῆς
396 1724 481 1782 ouius
505 1740 595 1801 supra
615 1723 794 1782 mentionem
815 1720 966 1783 attulimus
986 1723 1132 1802 capitibus
1151 1722 1302 1802 prioribus
1316 1720 1395 1802 XIX,

223 1818 345 1879 directis
370 1828 472 1881 contra
494 1839 544 1880 eos
564 1822 655 1900 cirne,
679 1821 733 1897 qui
752 1819 899 1896 negligant
919 1821 1036 1899 quidem
1058 1822 1141 1881 etde
1162 1823 1261 1881 uictus
1280 1821 1396 1880 ratione

221 1925 379 1996 praecepta
409 1905 478 1978 dare
508 1910 577 2000 (καὶ
608 1913 645 1977 αί
672 1907 831 1995 δυνάμιες
859 1910 999 1995 μεγάλαι
1022 1938 1057 1980 τε
1080 1912 1223 1980 ἑκάστου
1247 1911 1323 1998 (scil.
1347 1916 1398 1975 ali·

221 2009 326 2095 menti)
355 2010 409 2075 καί
438 2007 541 2077 οὐδὲν
569 2006 590 2095 ἡ
619 2009 713 2093 ἑτέρη
742 2011 781 2094 τῇ
811 2007 904 2096 ἑτέρη
934 2012 1070 2077 ἐοικυῖα.
1117 2008 1207 2089 ὅστις
1233 2007 1270 2075 δὲ
1292 2010 1399 2074 ταῦτα

221 2103 283 2171 οὐκ
307 2107 498 2174 ἐπέσκεπται
522 2102 542 2192 ἢ
568 2105 790 2191 σκεπτόμενος
813 2103 875 2172 οὐκ
900 2104 981 2193 olda,
1005 2113 1074 2187 πῶς
1097 2105 1140 2174 dv
1163 2134 1194 2174 τι
1219 2097 1317 2184 οὗτος
1340 2103 1398 2171 δύ-

220 2229 314 2269 ναιτο
343 2207 410 2271 τῶν
439 2203 521 2271 κατὰ
550 2207 611 2271 τὸν
639 2201 824 2289 άνθρωπον
853 2204 1063 2292 παθημάτων
1090 2206 1231 2281 εἰδέναι;
1264 2229 1291 2286 p.
1316 2203 1398 2290 000)

222 2315 251 2365 et
276 2308 311 2366 do
337 2308 475 2367 methodo
501 2307 637 2368 medendi
662 2305 789 2366 dilucide
815 2325 962 2386 exponere
986 2303 1039 2388 (cl.
1058 2328 1086 2388 p.
1107 2306 1172 2370 004
1191 2327 1254 2386 cap.
1276 2303 1317 2366 lb
1332 2301 1399 2386 in),

221 2403 271 2461 sod
297 2437 340 2445 -
364 2405 399 2463 de
430 2405 541 2464 morbis
570 2404 689 2482 uiridem
720 2422 863 2483 quaerere
898 2413 948 2466 aut
981 2405 1071 2466 uerba
1106 2408 1202 2466 lacere
1237 2406 1307 2464 satis
1336 2421 1397 2462 non

220 2501 363 2562 babentes
389 2497 440 2585 (ci.
465 2524 492 2582 p.
517 2501 596 2564 572:
630 2495 670 2564 οὐ
698 2500 762 2584 γάρ
797 2496 871 2583 περὶ
901 2496 1006 2565 άλλου
1038 2496 1129 2577 τινδς
1162 2496 1239 2565 οὔτε
1273 2496 1398 2581 ζητέειν

222 2592 381 2678 προσήκει
407 2593 484 2674 οὔτε
507 2596 624 2679 λέγειν,
648 2589 668 2679 ἢ
692 2595 766 2681 περὶ
790 2598 858 2660 τῶν
880 2595 1087 2681 παθημάτων
1112 2586 1279 2663 άναύτοὶ
1303 2585 1403 2660 οὗτοι.

221 2692 381 2757 νοσέουσί
402 2718 435 2758 τε
459 2692 514 2757 καὶ
538 2692 751 2776 πονέουσιν),
781 2697 847 2756 talia
872 2717 945 2758 uero
977 2700 1164 2779 proferentes
1188 2699 1283 2778 qualia
1308 2697 1398 2775 uolgo
1495 2697 1496 2726 ³

220 2813 278 2853 non
309 2797 462 2874 capiantur
496 2781 580 2879 (ibid.
614 2786 756 2873 μάλιστα
786 2789 825 2854 δέ
851 2816 907 2875 μοι
937 2793 1044 2858 δοκέει
1072 2791 1147 2878 περὶ
1175 2789 1295 2875 ταύτης
1323 2792 1399 2855 δεῖν

219 2885 360 2970 λέγοντα
393 2891 450 2972 τῆς
483 2889 600 2974 τέχνης
631 2883 764 2972 γνωστὰ
794 2887 903 2971 λέγειν
932 2902 1019 2956 τοῖσι
1053 2887 1252 2977 δημότησιν)
1279 2928 1318 2936 -
1345 2901 1399 2953 aut

221 2989 314 3049 calido
338 2990 445 3069 frigido
470 2994 548 3051 sicco
572 2990 693 3052 humido
718 2991 773 3052 alio
798 2992 924 3070 quodam
953 3003 1005 3054 aut
1027 2993 1144 3054 duobus
1173 3011 1290 3072 eorum,
1319 3009 1398 3070 qrrae

221 3090 305 3166 quasi
329 3087 519 3148 fundamenta
544 3088 718 3150 substruant
741 3092 959 3151 ratiocinationi
983 3109 1069 3170 suae,
1092 3090 1244 3150 hominum
1269 3106 1397 3166 corpora
1494 3153 1495 3162 η

221 3185 406 3263 pessumdari
420 3185 545 3246 doceant
560 3177 769 3267 (ὑπόθεσίν
785 3200 926 3267 σφισιν
946 3179 1130 3249 αὐτοῖσιν
1148 3177 1398 3265 ὑποθέμενοι
1494 3183 1495 3194 ’

220 3279 270 3362 τῷ
294 3274 396 3365 λόγῳ
425 3276 556 3365 θερμὸν
579 3273 600 3363 ἢ
624 3281 755 3366 ψυχρὸν
779 3273 799 3364 ἢ
823 3276 929 3367 ὑγρὸν
953 3275 973 3366 η’
994 3277 1095 3367 ξηρὸν
1118 3275 1139 3365 ἢ
1164 3275 1236 3346 ἄλλ’
1263 3274 1331 3344 ὅτι
1351 3273 1399 3344 άυ

224 3375 388 3440 ἐθέλωσιν
408 3376 439 3452 ές
458 3371 566 3463 βραχὺ
581 3373 719 3461 άγοντες
737 3380 799 3464 τὴν
814 3375 921 3465 ἀρχὴν
940 3382 998 3464 τῆς
1012 3383 1119 3464 αἰτίης
1136 3390 1245 3444 τοῖσιν
1260 3373 1399 3462 άνθροί-

220 3492 311 3538 ποισι
335 3475 402 3539 τῶν
427 3471 563 3540 νούσων
586 3476 695 3542 τεκαὶ
718 3479 778 3543 τοῦ
802 3475 1029 3544 θανάτουκαὶ
1048 3479 1128 3543 πᾶσι
1148 3477 1209 3562 τὴν
1228 3471 1333 3560 αὐτὴν
1353 3478 1400 3542 ἓν

221 3565 242 3655 ἢ
267 3569 339 3636 δύο
363 3571 608 3658 προθέμενοι
630 3601 658 3660 p.
683 3576 771 3663 570).

311 3774 395 3844 Orrod
426 3776 449 3833 si
479 3793 588 3854 corpus
618 3775 848 3855 Hippocrateum
877 3775 1106 3855 perlustramus,
1134 3795 1205 3838 num
1234 3777 1289 3837 alia
1317 3776 1397 3838 lorte

221 3874 314 3932 insint
347 3873 376 3931 in
411 3879 491 3931 tanta
529 3872 664 3933 diuersae
697 3876 851 3954 prosapiae
890 3874 1036 3951 farragine
1074 3891 1177 3934 eorum
1215 3875 1399 3953 scriptorum

221 3971 346 4048 uestigia
382 3977 573 4049 quaerentes,
610 3990 699 4031 ranam
736 3974 787 4050 qrri
825 3973 984 4032 statuerint
1021 3969 1192 4032 morborum
1230 3973 1398 4050 mortisque
1492 4017 1493 4060 3

294 4135 319 4202 1)
339 4132 465 4202 Respicit
483 4133 538 4186 hoc
553 4132 688 4201 placitum
703 4137 801 4187 auctor
819 4134 896 4200 περὶ
917 4132 1044 4202 φύσιος
1062 4128 1251 4202 ἀνθρώπου
1270 4150 1330 4202 cap.
1342 4133 1397 4189 Vl:
1492 4123 1493 4132 ἰ

184 4240 190 4275 ι
220 4211 249 4266 oi
272 4212 304 4266 δὲ
330 4210 458 4281 λέγοντες
477 4208 514 4274 ὡς
532 4210 564 4265 έν
585 4207 659 4266 ἐστιν
679 4206 835 4281 ὥνθρωπος
853 4212 989 4269 δοκέουσί
1005 4233 1051 4283 μοι
1070 4213 1159 4285 ταύτῃ
1178 4215 1210 4284 τῇ
1225 4209 1327 4284 γνώμη
1347 4235 1398 4268 κε·
1419 4255 1423 4259 -

115 4317 118 4325 ·
184 4288 186 4298 ’
219 4294 342 4362 χρῆσθαι
418 4288 548 4360 ὁρέοντες
562 4288 815 4363 άποσφαζομένους
829 4289 895 4356 τούς
913 4288 1086 4361 άνθράττους
1104 4294 1153 4347 καλ
1172 4290 1211 4360 τὰ,
1228 4293 1310 4363 alpoz
1326 4290 1398 4363 δέον

224 4369 256 4426 έκ
275 4373 326 4426 τοῦ
346 4369 481 4442 σώματος,
500 4373 601 4427 τοῦτο
621 4374 825 4443 νομίζουσιν
844 4371 936 4429 εἶναι
955 4370 1014 4443 τὴν
1029 4370 1198 4444 ψυχὴν-τῷ
1213 4369 1399 4447 άνθράττῳ.
1491 4425 1492 4462 p
