2994 4898
700 250 921 314 ..48-

225 415 418 493 perueniatur
438 407 489 492 (ci.
510 404 571 473 οὐκ
590 401 631 474 άν
650 413 804 493 γνοίης,
829 403 870 473 οὐ
888 405 1034 492 νοητόν
1066 431 1095 472 u.
1113 407 1164 472 39.
1185 408 1229 472 64
1247 404 1412 494 Karsten).

227 511 379 572 transtulit
402 510 493 590 igitur
517 510 550 570 ad
577 530 668 572 unum
693 513 801 572 artium
821 511 988 590 exemplum
1005 495 1172 571 Eleatarum
1193 513 1318 588 cogitata
1341 528 1411 570 me·

228 609 313 669 dicus
346 617 448 669 noster
476 609 603 669 Melissei
633 608 700 670 libri
724 602 799 690 περὶ
821 606 883 669 τοῦ
905 601 1004 682 ὄντος
1027 610 1164 686 inscripti
1190 626 1302 668 memor
1327 604 1411 690 (qua

225 709 257 766 in
282 726 314 766 re
334 706 458 786 Gorgiae
478 707 692 768 dissimillimus
716 715 769 787 est,
793 706 861 767 libri
880 699 955 789 περὶ
978 703 1039 766 τοῦ
1063 697 1111 786 μὴ
1136 696 1411 786 irrogantibus,

226 808 361 885 quamuis
385 807 518 865 imitetur
538 806 670 866 eiusdem
690 806 799 884 figuras
819 798 1008 886 rhetoricas),
1034 823 1092 864 non
1112 805 1207 866 solum
1226 807 1257 864 in
1276 804 1407 864 conclu-

225 903 358 964 sionibus
383 922 415 963 ea
440 905 603 984 respiciens
623 904 659 964 de
679 905 750 964 artis
770 902 952 964 medicinalis
972 905 1127 964 existentia
1149 904 1234 963 lactis
1254 896 1301 984 (ut
1320 923 1348 982 p.
1367 900 1407 962 8:

224 994 279 1062 καλ
302 995 402 1062 τοῦτό
425 1021 462 1080 γε
477 994 659 1083 ,τεκμήριον
678 996 761 1081 μέγα
780 998 824 1083 τῇ
845 992 960 1083 οὐσίη
980 998 1038 1081 της
1056 995 1182 1081 τέχνης,
1207 991 1258 1062 ὅτι
1278 983 1405 1062 έούσά

224 1093 262 1159 τέ
290 1095 358 1160 ἐστι
390 1093 445 1159 καλ
469 1093 603 1180 μεγάλη,
636 1090 722 1161 ὅπου
745 1119 783 1177 γε
805 1097 984 1179 φαίνονται
1007 1092 1062 1159 καὶ
1087 1095 1121 1160 oi
1142 1091 1186 1180 μὴ
1210 1098 1407 1180 νομίζοντες

225 1185 330 1276 αὐτην
361 1187 466 1258 εἶναι
495 1190 677 1277 σωζόμενοι
706 1187 751 1258 δι’
782 1187 902 1279 ederim
934 1197 1017 1259 ibid:
1050 1192 1155 1278 πολλὴ
1188 1188 1317 1278 ἀνάγκη
1342 1189 1406 1259 αὐ-

225 1288 305 1368 τούς
328 1291 418 1358 ἐστιν
443 1292 633 1376 ἐγνωκέναι,
658 1286 709 1356 ὅτι
732 1281 780 1376 ἦν
799 1317 830 1357 τι
853 1287 890 1356 τὸ
911 1286 1089 1376 ὠφελῆσαν
1107 1289 1162 1356 καὶ
1182 1342 1210 1356 ..
1231 1287 1282 1356 ὅτι
1301 1281 1350 1376 ἦν
1370 1316 1405 1355 τι

224 1384 262 1452 τὸ
282 1385 429 1475 βλάψαν;
452 1393 535 1455 ibid:
556 1387 647 1455 ἐστὶν
665 1385 767 1455 οὐδὲν
790 1378 896 1473 ἧσσον
918 1385 958 1455 τά
978 1383 1212 1476 ἁμαρτηθέντα
1231 1391 1299 1454 τῶν
1314 1385 1404 1472 ὠφε-

225 1483 401 1571 λησάντων
429 1483 593 1573 μαρτύρια
622 1489 662 1573 τῇ
692 1485 789 1573 τέχνη
819 1485 851 1564 ές
878 1483 919 1552 τὸ
950 1482 1068 1572 sirau
1101 1511 1128 1570 p.
1151 1488 1207 1552 10:
1240 1480 1260 1570 ἡ
1289 1483 1326 1551 δὲ
1351 1488 1402 1570 ίη-

225 1581 319 1671 τρικη
420 1588 578 1670 φαίνεταί
598 1609 632 1650 τε
655 1582 709 1649 καὶ
734 1595 888 1669 φανεῖται
912 1582 976 1650 αίεὶ
1001 1581 1144 1669 οὐσίην
1167 1582 1318 1670 ἔχουσα),
1349 1607 1402 1649 ue·

226 1706 293 1748 rum
327 1699 388 1750 tum
417 1708 536 1768 quoque
563 1688 664 1768 lapsus
691 1687 726 1757 ad
756 1706 790 1748 ea
818 1705 912 1766 paene
939 1689 1067 1768 inuitus,
1099 1706 1166 1748 cum
1196 1705 1255 1747 non
1284 1687 1402 1747 studuit

227 1786 433 1848 demonstrare
465 1789 649 1866 propositum
673 1787 856 1865 primarium,
888 1788 973 1846 cuius
1005 1788 1124 1865 generis
1156 1785 1204 1845 bic
1237 1795 1283 1845 est
1315 1785 1401 1846 locus

224 1902 253 1961 p.
276 1881 330 1945 10:
359 1883 427 1945 πᾶν
450 1875 515 1964 γάρ
537 1877 575 1945 τὸ
600 1875 780 1962 γινόμενον
803 1877 859 1943 διά
882 1903 912 1943 τι
937 1873 1114 1964 εὐρι’σκοιτ’
1139 1872 1183 1944 άν
1206 1876 1402 1962 γινόμενον,

225 1975 280 2041 καὶ
303 1976 350 2042 έν
382 1981 427 2068 τῷ
459 1974 515 2042 διά
547 1972 645 2042 τιτὸ
679 1972 868 2062 αὐτόματον
897 1971 939 2041 οὐ
966 1981 1119 2060 φαίνεται
1148 1972 1292 2059 οὐσίην
1322 1979 1402 2060 ἔχον

226 2068 399 2159 οὐδεμίην,
423 2071 494 2140 ἀλλ’
520 2068 541 2158 ἢ
566 2069 697 2158 οὐνομα
720 2073 892 2159 μούνονέ)

300 2253 327 2320 1)
347 2252 438 2306 Notus
453 2253 514 2306 erat
527 2250 634 2305 Melissi
648 2250 719 2304 liber
733 2249 817 2304 etiam
833 2251 943 2305 auctori
961 2251 1038 2320 περὶ
1058 2248 1182 2320 φύσιος
1202 2245 1404 2317 ἀνθρώπου,

227 2330 352 2384 irriserat
371 2331 394 2384 is
413 2329 673 2400 iatrosophistarum
693 2331 890 2398 oratiunculas,
914 2331 987 2400 apud
1002 2347 1072 2400 quos
1094 2331 1272 2385 audientibus
1293 2331 1401 2383 eisdem

186 2435 188 2440 ·
227 2427 261 2464 ne
272 2409 346 2464 idem
352 2413 395 2464 ter
405 2410 519 2479 quidem
530 2411 662 2480 deinceps
673 2413 817 2480 superaret
825 2412 1001 2480 placitum(p.
1012 2417 1065 2479 32).
1075 2411 1251 2466 concluditur
1261 2411 1347 2478 caput
1356 2411 1401 2463 his

227 2489 332 2544 uerbis:
355 2490 396 2544 ‘at
415 2489 486 2544 mihi
504 2491 616 2558 quidem
636 2491 772 2545 eiusmodi
791 2490 917 2546 homines
937 2494 1025 2545 semet
1043 2491 1097 2562 ipsi
1111 2494 1287 2561 prosternere
1302 2488 1399 2543 uiden·

225 2572 272 2622 tur
286 2570 444 2624 orationum
459 2587 570 2624 suarum
586 2569 745 2624 nominibus
760 2571 795 2623 ob
810 2570 958 2639 inscitiam,
977 2571 1111 2626 Melissi
1130 2587 1210 2624 uero
1230 2570 1400 2624 rationem

227 2652 409 2706 subleuare
424 2645 485 2719 (τὸν
500 2647 532 2704 δὲ
547 2649 689 2713 Μελίσσου
705 2645 788 2718 λόγον
804 2645 912 2718 ὀρθοῦν
927 2652 1028 2720 p.34).’
1060 2650 1183 2720 explieat
1197 2651 1266 2704 haec
1277 2649 1401 2703 Galenus

227 2731 296 2785 loeis
317 2732 425 2786 duobus
440 2733 574 2798 quantum
594 2730 652 2784 scio
668 2727 810 2798 (editionis
829 2730 903 2782 enim
922 2730 1104 2786 Kuehnianoe
1117 2730 1205 2784 indici
1218 2730 1297 2782 nulla
1310 2728 1402 2797 fides),

227 2812 371 2866 doctrinae
394 2811 540 2865 Melisseue
565 2815 690 2868 extrema
713 2812 816 2865 ducens
847 2809 1029 2877 lineamenta,
1056 2811 1090 2864 de
1122 2811 1201 2866 elem.
1231 2827 1284 2864 sec.
1314 2809 1402 2876 Hipp.

226 2892 238 2943 l
258 2910 283 2960 p¹
304 2893 391 2946 4471<
411 2892 439 2945 et
457 2891 486 2944 in
505 2891 706 2946 commentario
726 2891 762 2944 ud
780 2891 842 2944 libr.
858 2889 893 2944 de
909 2891 972 2946 Nat.
992 2893 1066 2946 hom.
1100 2895 1187 2960 utque
1206 2890 1251 2944 hic
1271 2888 1346 2944 ἔοικε
1367 2887 1400 2942 δὲ

228 2967 242 3025 ὁ
265 2970 338 3042 άνηρ
353 2965 435 3033 οὗτος
454 2969 546 3040 iuquit
561 2967 693 3038 ἐννοῆσαι
713 2967 765 3040 μὲν
784 2967 862 3024 εἷναί
878 2991 941 3025 τινα
961 2965 1060 3024 οὐσίαν
1079 2967 1187 3040 κοινὴν,
1205 2965 1401 3042 ὑποβεβλη-

228 3050 334 3122 μένην
353 3057 428 3112 τοῖς
446 3048 605 3118 τέτταρσι
625 3053 825 3120 στοιχείοις,
844 3044 1003 3120 άγέννητόν
1022 3070 1051 3104 τε
1072 3050 1119 3103 καλ
1139 3045 1302 3119 ἄφθαρτον,
1322 3043 1357 3116 ἣν
1374 3045 1405 3100 οἶ

227 3126 285 3202 μετ’
311 3125 400 3185 αὐτὸν
423 3123 493 3198 ὐλην
519 3125 671 3198 ἐκάλεσαν,
697 3126 730 3184 οὐ
755 3125 810 3200 μὴν
838 3128 1058 3200 διηρθρωμένος
1081 3149 1112 3198 γε
1132 3130 1295 3198 δυνηθῆναι
1314 3129 1400 3183 τοῦτο

227 3212 349 3279 δηλῶσαι
369 3210 430 3277 (XV
449 3228 476 3279 p.
496 3213 549 3278 29).
588 3210 747 3266 Aristotelis
766 3225 918 3264 memorem
941 3211 1027 3264 fuisse
1051 3210 1177 3278 suspicor
1195 3211 1400 3279 Pergamenum

229 3291 352 3360 Metaph.
372 3289 385 3342 Ι
404 3295 420 3344 ὃ
439 3307 466 3358 p.
482 3290 563 3344 asub
584 3295 630 3344 18:
650 3292 831 3360 Παρμενίδης
844 3286 896 3358 μὲν
915 3285 968 3358 γάρ
988 3289 1038 3343 rori
1060 3287 1134 3344 ἔοικε
1154 3283 1226 3343 κατά
1247 3283 1296 3342 τὸν
1314 3285 1400 3358 λόγον

228 3366 292 3433 ἑνὸς
315 3365 471 3438 άτιτεσθαι,
494 3367 667 3433 Μέλισσος
690 3367 727 3424 δὲ
751 3371 811 3424 τοῦ
834 3364 921 3423 κατά
946 3363 1006 3438 τὴν
1030 3363 1122 3437 ὐλην.
1165 3369 1240 3437 quod
1263 3366 1400 3422 iudicium

227 3451 327 3504 mirum
351 3449 441 3504 uideri
465 3449 574 3504 collatis
593 3449 682 3519 ipsius
701 3449 807 3504 Melissi
826 3448 919 3503 uerbis
933 3448 990 3502 his:
1007 3445 1041 3502 iv
1056 3445 1089 3502 db
1105 3445 1153 3503 έδν
1169 3443 1401 3518 assuevisses

228 3527 265 3600 μὴ
286 3528 375 3600 ἔχειν·
397 3527 425 3583 εί
442 3525 473 3583 δὲ
494 3525 554 3598 ipos
571 3527 669 3598 πάχος,
689 3526 748 3599 ipos
768 3523 804 3583 άν
823 3526 908 3599 μόρια
927 3528 974 3582 καλ
994 3524 1090 3582 οὐκέτι
1110 3523 1145 3582 liv
1165 3529 1211 3596 εἴη
1236 3526 1267 3583 ἓν
1291 3529 1334 3597 (fr.
1357 3535 1401 3596 16,

229 3610 325 3680 Simpl.
349 3609 432 3679 Phys.
452 3628 478 3678 p.
498 3613 541 3678 87,
561 3615 576 3663 6
596 3607 697 3678 Diels),
717 3625 773 3664 non
791 3608 866 3678 fugit
885 3609 960 3663 uiros
979 3608 1083 3664 doctos.
1121 3610 1217 3677 itaque
1237 3608 1401 3662 Brundisius

227 3690 339 3759 quidem
358 3690 412 3744 hoe
431 3689 514 3742 modo
533 3689 697 3744 soluendam
717 3689 825 3744 censuit
843 3689 916 3742 hanc
936 3687 1139 3755 difficultatem,
1158 3691 1190 3741 ut
1204 3689 1295 3742 totam
1310 3687 1400 3741 Samii

227 3769 499 3841 argumentationem
517 3770 611 3839 potius
627 3787 710 3838 quam
725 3769 795 3824 haec
809 3769 895 3823 uerba
908 3768 1059 3837 respexisse
1074 3768 1254 3822 Aristotelem
1269 3773 1401 3835 sumeret,

227 3851 400 3906 materialem
428 3867 489 3904 curn
513 3850 619 3904 diceret
642 3850 779 3904 unitatem
799 3845 957 3902 Melisseam
982 3847 1148 3918 (Comment.
1168 3847 1257 3904 Eleat.
1277 3867 1304 3918 p.
1324 3849 1400 3917 209).

227 3931 353 3986 euenisse
381 3929 454 3984 euim
483 3931 539 3997 illi,
566 3947 600 3984 ex
626 3930 698 3984 entis
727 3929 893 3986 aeternitate
919 3928 1058 3982 infinitum
1087 3928 1117 3982 id
1140 3946 1199 3984 esse
1222 3944 1310 3999 praue
1336 3945 1402 3983 con·

228 4012 352 4066 eludenti
376 4009 493 4080 (Corum.
517 4009 605 4066 Eleat.
631 4029 657 4082 p.
677 4017 781 4078 200sq.
818 4007 889 4063 Hist.
909 4008 977 4077 phil.
999 4011 1010 4063 l
1028 4027 1056 4079 p.
1075 4013 1147 4080 405),
1167 4012 1207 4075 ut,
1226 4010 1293 4064 dum
1312 4009 1402 4064 ratio-

227 4092 320 4146 nalem
345 4093 586 4159 neturamsquae
616 4107 732 4160 corpore
759 4089 870 4158 penitus
894 4093 1013 4157 careret,
1041 4094 1134 4144 mente
1162 4089 1401 4159 comprehendere

126 4167 130 4176 ’
229 4170 402 4238 ulteriusque
420 4170 549 4239 persequi
569 4170 664 4238 uellet,
684 4170 855 4224 relaberetur
873 4170 978 4224 inuitus
998 4173 1082 4238 atque
1100 4168 1204 4224 inscius
1224 4170 1259 4222 ad
1278 4169 1403 4224 formam

229 4267 389 4322 corpoream
410 4251 527 4318 (Comm.
542 4250 584 4306 El.
599 4267 627 4319 p.
638 4251 715 4318 214);
734 4249 842 4303 infinito
857 4249 930 4304 enim
945 4250 1036 4319 ipsum
1055 4249 1189 4304 indidisse
1209 4249 1403 4305 extensionem

147 4326 149 4330 ¹
228 4334 313 4404 atque
332 4330 554 4401 magnitudinem
573 4329 617 4399 (ci.
638 4329 670 4385 fr.
691 4335 716 4401 8,
736 4327 833 4399 Simpl.
853 4330 935 4398 Phys.
955 4348 981 4399 p.
1003 4328 1101 4384 109D=
1125 4324 1182 4384 ἀλλ’
1209 4325 1301 4402 ὥσπερ
1322 4326 1402 4386 ἐστὶν
