2994 4898
567 283 787 346 -33-

92 454 155 505 turn
179 448 256 506 enim
280 445 395 524 aberat,
418 454 453 505 nt
475 445 552 524 apud
578 448 740 524 scriptores
759 445 826 506 lade
846 465 917 507 usos
936 465 1015 508 unus
1033 445 1151 508 dicendi
1170 455 1262 507 staret

93 543 187 624 color,
205 550 239 604 ut
259 562 317 604 non
337 543 432 604 solnm
453 545 531 604 inter
550 561 581 603 se
600 544 807 623 discreparent
825 545 933 624 singuli
953 537 997 628 (id
1017 544 1095 624 qnod
1115 544 1152 604 de
1170 543 1261 604 Hero·

92 643 161 701 doto
180 648 210 702 et
228 641 406 721 Hippocrate
422 643 483 720 ,iam
502 635 653 725 ueteresl)
674 637 856 725 senserunt),
876 642 928 703 sed
944 661 981 702 ne
996 643 1123 703 eundem
1143 641 1262 722 quidem

92 742 122 800 in
146 737 288 830 operibns
312 738 441 799 diuersis
464 737 520 798 sibi
542 741 711 800 constitisse
730 743 814 802 cerni
832 750 933 822 posset
952 741 1066 803 Ctesiae
1087 733 1261 822 exemplo.²)

93 837 201 917 quibus
221 835 372 898 scribendi
392 836 553 916 generibus
573 857 642 900 num
662 839 870 919 responderint
890 839 1105 919 quodammodo
1123 846 1262 918 quattuor

90 937 132 997 illi
155 933 232 997 ladis
254 928 373 1018 τρόποι
398 935 444 996 nel
469 935 670 1018 χαρακτῆρες
699 937 734 997 ab
759 935 909 997 Herodoto
934 940 1099 1006 enumerati
1122 931 1150 1021 (l
1175 932 1262 1019 142),

91 1035 127 1095 de
151 1053 279 1115 qnorum
303 1041 408 1095 natura
432 1032 575 1095 docemur
599 1035 738 1096 nonnulla
761 1037 792 1094 in
816 1036 902 1096 titulo
927 1034 998 1095 Chio
1023 1053 1119 1115 nuper
1143 1045 1262 1114 reperto

91 1127 242 1216 (HRoehl,
272 1129 364 1193 Inscr.
389 1149 512 1211 graecae
540 1135 694 1212 antiquiss
724 1151 750 1192 n.
775 1127 869 1216 381),
898 1133 983 1194 ualde
1012 1133 1115 1196 dubito
1140 1166 1181 1176 -—
1205 1133 1262 1192 hoc

91 1233 157 1291 ueri
185 1229 367 1291 simillimum
396 1229 548 1296 uidebitur
576 1233 722 1310 originem
750 1231 933 1292 collectionis
961 1232 1174 1312 consideranti,
1203 1250 1261 1291 non

91 1331 290 1408 conscriptam
315 1345 379 1388 eam
399 1328 490 1388 fuisse
509 1327 634 1388 dialecto
657 1348 780 1409 prorsus
800 1329 915 1411 cadem,
939 1329 990 1390 sed
1016 1330 1263 1407 eos·sequiorurn

91 1433 259 1506 temporum
282 1426 423 1509 medicos
448 1429 501 1505 qui
519 1425 729 1506 Hippocratem
753 1428 808 1506 sibi
832 1430 1057 1508 proposuissent
1080 1426 1263 1506 imitandum,

91 1543 150 1584 non
174 1541 294 1604 semper
317 1522 466 1604 exemplar
490 1531 642 1585 assecutos
666 1526 776 1587 formas
799 1524 968 1586 adhibuisse
996 1525 1160 1606 interdum,
1190 1543 1264 1604 quas

90 1631 141 1683 aut
164 1623 242 1702 apud
261 1622 334 1683 alios
357 1622 433 1682 iadis
457 1608 619 1702 scriptores
642 1612 783 1703 legissent
806 1634 857 1684 aut
879 1620 993 1683 lonicae
1017 1642 1082 1683 esse
1107 1622 1179 1682 laiso
1203 1622 1260 1683 sibi

91 1721 320 1801 persuasissent,
343 1738 400 1799 qua
420 1738 453 1780 re
473 1737 648 1781 concessum
672 1729 752 1781 esset
775 1721 913 1802 fortasse,
937 1729 1105 1801 temporum
1129 1721 1187 1781 nisi
1211 1739 1261 1780 no-

93 1820 205 1879 cuisset
228 1818 353 1899 inuidia,
377 1825 488 1878 utnon
512 1819 609 1880 solum
629 1821 740 1898 scripta
764 1838 836 1880 nere
856 1819 1053 1899 Hippocratea
1077 1819 1170 1880 multo
1194 1821 1262 1880 iaci·

90 1915 148 1976 lius
163 1932 391 1977 secerneremus
406 1933 422 1976 a
437 1919 556 1998 spuriis,
566 1930 672 1978 uerum
688 1920 775 1977 etiam
791 1918 1115 1998 pseudepigraphorum
1126 1926 1264 1978 auctores

90 2013 228 2074 diuersos
242 2015 494 2094 dignosceremus.
532 2016 654 2075 luerunt
669 2015 787 2094 quidem
803 2019 932 2097 antiquis
947 2015 1140 2096 temporibus,
1156 2015 1264 2094 quibus

89 2112 235 2174 dialectos
263 2113 471 2194 Hippocratica
504 2133 592 2174 curae
624 2121 695 2174 erat.
746 2123 780 2175 nt
804 2134 868 2196 eos,
899 2117 950 2194 qui
978 2116 1206 2174 commentarios
1234 2121 1264 2173 et

89 2210 234 2290 glossaria
253 2211 451 2293 confecerint,
471 2213 561 2272 etiam
581 2213 771 2291 quaestiones
790 2213 959 2273 dialecticas
979 2214 1111 2290 attigisse
1130 2209 1264 2271 Erotiani

89 2309 253 2388 Galenique
278 2309 419 2389 exemplis
443 2311 644 2370 confirmatur.
691 2309 834 2370 curabant
862 2317 960 2369 autem
990 2311 1015 2368 ei
1041 2327 1099 2369 nen
1123 2317 1182 2369 tam
1207 2309 1264 2368 ior·
1341 2375 1343 2380 ,
1382 2377 1383 2382 ρ

91 2425 156 2467 mas
175 2409 397 2488 grammaticae,
412 2425 499 2486 qnam
519 2407 702 2486 singularum
723 2425 830 2468 uocum
847 2409 910 2468 siue
926 2425 993 2467 cum
1007 2423 1144 2466 sermone
1159 2406 1265 2485 Attico,

1 2575 2 2586 ρ
90 2507 157 2565 siue
182 2523 249 2566 cum
274 2504 407 2566 dialectis
432 2503 529 2565 ionica
554 2514 584 2566 et
607 2505 712 2565 Dorica
736 2505 939 2565 corrosionem.
985 2505 1024 2564 ita
1049 2502 1126 2583 apud
1151 2503 1264 2564 Erotiu-

89 2621 164 2664 num
187 2604 295 2682 passim
326 2603 435 2682 legitur
461 2604 699 2683 interpretationi
729 2602 890 2662 adiectum:
915 2591 1041 2680 Ἀττικὴ
1066 2593 1104 2662 δὲ
1126 2595 1147 2682 ἡ
1169 2595 1265 2681 λέξις,

1 2713 2 2746 t
88 2699 187 2774 ἰδίως
214 2696 250 2761 oi
272 2692 411 2762 Ἀττικολ
439 2695 611 2780 λέγουσιν,
644 2691 722 2782 παρ’
751 2691 908 2772 Ἀττικοῖς
936 2691 1042 2773 οὕτως
1070 2691 1265 2779 ὀνομάζεται

88 2797 212 2872 similia,
236 2796 327 2858 hahes
346 2797 458 2877 glossas
478 2797 600 2859 [loricas
624 2817 646 2859 s.
664 2817 689 2858 n.
715 2789 860 2876 ἀνακῶς,
880 2797 1036 2880 κίθαρος,
1056 2787 1166 2881 cepides
1184 2799 1264 2879 alias,

88 2895 222 2956 ionicam
245 2913 268 2956 s.
284 2914 312 2955 u.
336 2886 605 2975 ἀλλοφολσσοντες
629 2917 645 2956 e
669 2895 829 2957 Xenocritu
854 2896 928 2975 Coo,
956 2897 1052 2974 primo
1076 2894 1272 2976 Hippocratis-

89 3010 202 3053 uocum
235 2991 436 3053 obsoletarum
473 2994 650 3072 interprete,
688 2993 883 3073 desumptam.
938 3001 1057 3072 praeter
1089 2995 1264 3057 medicinam
1325 3019 1327 3024 ¹

89 3090 369 3169 philosophiamque
398 3098 428 3152 et
455 3093 513 3152 arti
540 3093 747 3168 grammaticae
777 3111 898 3171 operam
922 3092 1037 3154 dedisse
1063 3092 1205 3155 Galenum
1229 3113 1264 3154 ex

1 3223 2 3276 ρ
90 3190 187 3266 ipsius
207 3187 314 3249 libellis
334 3188 489 3270 discimus,
509 3207 584 3268 quos
603 3192 755 3270 inscripsit
772 3183 848 3270 περὶ
866 3187 924 3269 τῆς
943 3182 1064 3264 τάξεως
1082 3187 1150 3253 τοῖο
1167 3189 1265 3253 lelium

1 3279 2 3284 ’
89 3284 233 3364 βιβλίων
255 3277 340 3367 πρὸς
359 3276 570 3366 Εὐγενιαοόν
590 3281 671 3365 (ΧΙΧ
689 3305 717 3367 p.
732 3285 774 3350 49
790 3306 854 3367 sqq.
870 3283 909 3370 K)
929 3294 959 3348 et
982 3280 1056 3369 περὶ
1080 3286 1148 3350 τῶν
1168 3286 1265 3352 ἰδίων

89 3382 235 3463 βιβλίων
259 3377 340 3466 (ΧΙΧ
364 3404 391 3463 p.
407 3382 426 3445 8
443 3379 531 3468 sqq).
569 3404 697 3465 quorum
717 3387 885 3448 studiorum
904 3387 934 3445 in
954 3386 1059 3446 Atticis
1079 3389 1265 3465 potissimum

90 3481 299 3561 scriptoribus,
323 3484 469 3562 imprimis
489 3485 620 3563 comicis,
640 3487 807 3563 positorum
826 3485 950 3562 uestigia
971 3483 1049 3543 haurd
1069 3503 1160 3562 pauca
1181 3487 1265 3546 nobis

1 3599 2 3620 ι
89 3587 267 3640 manserunt
290 3582 320 3640 in
344 3582 563 3641 commentariis
588 3585 671 3642 etin
695 3582 789 3644 lexico
815 3574 986 3664 (Γαληοοῦ
1009 3579 1077 3642 τοῖο
1097 3572 1266 3665 Ἱπποκρά-

1 3745 2 3760 ῑ
88 3695 171 3749 τους
193 3675 357 3756 γλωσσῶν
376 3671 528 3758 ἐξήγησις
552 3677 618 3738 xix
637 3699 664 3759 p.
681 3678 722 3741 62
738 3698 801 3759 sqq.
816 3673 865 3762 K).
905 3677 1092 3766 rntdlitudinc
1117 3678 1266 3758 colligenti

1 3767 3 3828 ᾗ
90 3772 232 3835 notabilia
256 3777 369 3835 Atticae
393 3774 545 3836 doctrinae
575 3779 751 3860 fragmenta,
781 3777 810 3837 id
840 3775 918 3856 quod
944 3778 1081 3854 congruit
1105 3796 1172 3837 cnm
1198 3781 1265 3839 titu-

90 3870 189 3932 lorum
218 3889 352 3934 numero.
398 3872 516 3933 Doridis
539 3876 658 3954 propria
683 3893 748 3936 esse
778 3874 917 3935 nonnulla
949 3882 1118 3936 monentem
1146 3879 1266 3955 repperi

168 4053 193 4120 1)
214 4051 254 4106 Oi.
273 4052 448 4107 Bachmanni
466 4051 603 4110 Accedet.
628 4053 653 4108 Il
677 4074 703 4125 p.
723 4059 788 4110 eous
813 4049 843 4117 ὃς
867 4053 938 4122 (scil.
964 4050 1082 4126 ὁἾιιιτ.)
1101 4050 1214 4128 ἀκράτῳ
1233 4059 1265 4129 τῇ

86 4125 162 4184 Ἰάδι
179 4133 291 4202 χρῆται·
310 4129 325 4187 ὁ
346 4127 399 4202 γὰρ
414 4129 565 4204 Ἡρόδοτος
583 4137 731 4206 συμμίσγει
749 4131 841 4204 αὐτὴν
859 4135 892 4208 τῇ
912 4134 1053 4205 ποιητικῇ.

166 4217 192 4280 2)
210 4213 291 4269 Phot.
311 4218 346 4283 (p.
367 4219 424 4268 tua
444 4221 467 4269 7.
487 4221 522 4269 20
541 4215 640 4284 Belrlr.)
664 4213 796 4285 κέχρηται
820 4211 852 4269 ti
877 4215 910 4286 τῇ
933 4208 1041 4284 Ἰωνικῇ
1066 4213 1217 4286 διαλέκτῳ,
1240 4213 1268 4268 εἰ

91 4287 198 4360 καὶμὴ
225 4289 261 4346 δι’
281 4287 347 4346 ὅλου
367 4290 500 4361 καθάπερ
516 4289 675 4363 Ἡρόδοτος,
695 4291 764 4349 dttd
784 4291 843 4350 κατ’
866 4290 943 4356 ἐνίας
962 4289 1042 4356 τινας
1064 4290 1158 4358 λέξεις.
1201 4289 1265 4347 οἶοι-

90 4369 209 4440 γνώοθη
229 4371 259 4426 δὲ
281 4366 480 4427 nitebantur}
497 4371 600 4429 Ἰνδικὰ
623 4371 652 4428 ἐκ
669 4369 712 4428 ἕκλ
727 4377 833 4446 βιβλίῳ,
853 4370 889 4427 ἐν
909 4372 960 4435 οἷς
978 4373 1104 4443 μᾶλλον
1124 4371 1265 4438 ἰωνίζει,
