2994 4898
528 259 748 322 „13-

63 423 132 481 liber
151 424 270 497 primus
295 425 427 482 uirorum
452 423 607 502 doctorum
632 424 745 482 animos
769 422 922 482 alliciebat..
953 441 1028 502 quae
1051 425 1083 483 in
1106 422 1228 483 abscon-

64 518 117 578 dita
139 527 252 578 secreta
276 519 448 580 JMGesneri
468 521 592 598 uestigia
612 527 733 581 secutus
753 522 846 580 lacem
866 519 1015 600 praetulit,
1039 521 1124 580 errius
1145 538 1229 580 num·

66 635 144 694 qnam
173 616 320 678 delebitur
348 619 397 697 pia
424 620 579 696 memoria,
607 616 731 678 lacobus
758 611 979 699 Rernapsius.²)
1021 619 1071 696 qni
1099 637 1168 678 cum
1197 621 1229 678 in

63 714 262 775 dissertatione
286 713 436 798 Bonnensi
459 734 484 775 a.
510 712 594 776 1848
620 708 726 796 edicat)
750 734 766 774 e
791 713 888 774 libello
916 732 1021 793 parum
1044 721 1114 773 noto
1138 713 1229 774 Hera-

63 812 160 872 cliteae
193 811 345 872 doctrinae
379 815 508 892 speciem
537 812 655 872 elucere
689 812 936 891 demonstrasset,
970 812 1074 872 eodem
1107 812 1230 872 deduxit

61 909 225 970 EZellerum
250 909 471 972 PSchusterum
495 929 550 971 nec
574 929 633 970 non
658 909 961 971 GTeichmuellerum.
997 919 1090 990 fiatque
1114 912 1150 970 de
1174 911 1229 970 hac

61 1007 174 1085 quidem
208 1026 241 1066 re
271 1011 413 1069 conuenit
439 1011 518 1069 inter
545 1011 627 1068 uiros
657 1008 774 1089 doctos,
803 1008 912 1068 librum
943 1016 1078 1069 nostrum
1107 1007 1230 1088 Ephesii

64 1107 405 1178 sententiarnmlontem
424 1125 491 1184 esse
510 1109 632 1167 minime
652 1105 805 1185 limpidum
826 1099 1017 1189 (quamquam
1037 1109 1229 1186 exscripsisse
1272 1096 1274 1100 ’

59 1203 195 1263 nonnulla
219 1204 371 1284 placuerat
390 1204 553 1284 Bernaysio
575 1205 611 1264 de
631 1204 726 1264 diaeta
747 1211 908 1284 auctorem,
932 1206 1110 1264 imitatorem
1129 1205 1229 1283 potius

58 1297 497 1383 iudicaueruntposteriores);
521 1320 579 1381 quo
605 1308 739 1381 tempore
763 1312 847 1361 ortus
870 1305 917 1382 sit,
941 1301 1073 1361 nondum
1092 1304 1163 1362 satis
1183 1319 1228 1361 ac-

60 1407 157 1459 curate
188 1399 351 1474 delinitum.
397 1401 476 1480 quod
506 1403 557 1479 qni
580 1401 712 1480 aggressi
735 1407 814 1481 sunt,
838 1398 961 1459 aliorum
984 1398 1228 1478 philosophorum

58 1515 126 1556 num
150 1497 227 1558 iorte
248 1500 381 1558 inessent
395 1501 520 1578 uestigia
536 1500 757 1576 quaesiuerunt.
773 1506 861 1575 atque
880 1515 948 1557 cum
967 1496 1146 1557 Petersenus
1166 1499 1229 1576 qui-

58 1595 124 1654 dem
148 1603 177 1654 et
190 1594 304 1656 Melissi
327 1596 491 1658 doctrinam
516 1613 677 1675 agnoscere
697 1594 754 1655 sibi
773 1597 857 1654 uisus
877 1604 965 1668 esset,
989 1594 1145 1674 Philoponi
1164 1594 1228 1655 loco
1323 1639 1327 1644 1

56 1709 128 1751 usus
151 1695 222 1754 satis
247 1703 385 1773 suspecto
406 1688 478 1776 (lc.
494 1714 521 1773 p.
536 1691 594 1774 403
619 1693 655 1753 cl.
680 1691 786 1752 Zelleri
806 1692 880 1754 Hist.
896 1692 1000 1770 philos.
1020 1675 1228 1773 14¹11.561‚‘2;

55 1787 128 1868 562,
142 1783 187 1872 2),
211 1799 241 1850 et
260 1791 484 1871 Pythagoricam
508 1791 645 1852 medendi
669 1792 823 1871 rationem)
847 1790 883 1850 de
908 1809 965 1868 qna
985 1789 1058 1850 nihil
1078 1793 1228 1870 exposuit3

30 1904 33 1908 ’
54 1887 240 1968 bernardus,
260 1890 370 1968 optime
389 1893 441 1969 qui
460 1889 646 1951 intellexerat
666 1885 835 1950 ‘commune
854 1890 1005 1948 uariarum
1025 1888 1228 1949 doctrinarum

53 1981 288 2062 receptaculum'
317 2005 382 2048 esse
406 1987 514 2049 librum
538 1981 613 2068 περὶ
638 1984 765 2065 διαίτης
790 1979 832 2066 (p.
853 1981 899 2066 2),
922 1994 1021 2046 tamen
1046 1981 1227 2047 ‘ceterorum

55 2082 299 2162 pbilosophorum
323 2103 372 2144 res
396 2085 576 2164 repetendas
598 2084 661 2144 aliis
676 2077 880 2144 committens'
905 2076 946 2162 (p.
963 2077 997 2162 5)
1018 2102 1110 2144 unum
1130 2083 1228 2144 locum

54 2180 246 2258 Pythagoreis
279 2183 466 2260 ascripsisset
504 2176 547 2262 (p.
574 2177 646 2264 18):
682 2179 791 2241 Paulus
820 2183 917 2240 extitit
942 2181 1097 2260 Schuster,
1127 2184 1228 2242 atomi-

52 2296 104 2336 cos
133 2279 291 2356 ipsumque
315 2278 504 2339 Aristotelem
534 2279 731 2340 subodoratus
760 2280 791 2337 in
823 2280 896 2338 actis
920 2281 1069 2340 societatis
1093 2279 1227 2340 Ritsche·

50 2376 146 2435 lianae
171 2373 251 2442 1.,111
270 2369 311 2456 (p.
334 2373 406 2458 101,
425 2375 455 2437 2.
481 2374 554 2457 104,
572 2375 602 2437 2.
628 2374 748 2456 107,1.
775 2373 846 2437 110.
871 2373 959 2457 287).
993 2378 1134 2454 quicum
1159 2395 1228 2438 con·

50 2476 166 2532 iectura
182 2471 340 2534 admodum
356 2474 416 2534 leui
430 2483 497 2554 post
509 2473 694 2534 Aristotelem
712 2475 857 2552 scriptum
872 2493 938 2534 esse
953 2472 1084 2533 libellum
1099 2475 1229 2553 suspica-

49 2581 99 2631 tus
116 2577 196 2630 esset
212 2563 261 2649 (cl.
277 2569 514 2652 Teichmueller),
526 2591 602 2632 neue
618 2571 694 2639 stud.
709 2571 721 2630 1
736 2590 763 2650 p.
778 2567 852 2652 250,
867 2571 893 2631 ll
907 2590 934 2650 p.
950 2567 994 2654 3),
1009 2590 1077 2632 ecce
1089 2571 1229 2632 Heracliti

48 2668 192 2748 placitum
226 2668 262 2727 de
294 2679 439 2749 perpetuo
471 2687 572 2730 rerum
601 2672 631 2729 in
660 2671 807 2730 contraria
835 2672 963 2730 transitu
995 2688 1074 2730 nouo
1108 2673 1229 2731 emicuit

49 2765 198 2845 exemplo.
251 2765 470 2827 Teichmueller
499 2770 577 2828 enim
614 2767 785 2846 Anaxagora
814 2770 1011 2846 antiquiorem
1040 2785 1106 2828 esse
1131 2776 1229 2828 aucto·
1259 2845 1266 2854 υ

48 2883 116 2924 rem
141 2864 245 2923 statuit
267 2865 307 2924 ita
332 2865 461 2946 quidem,
484 2872 518 2924 ut
537 2873 617 2924 esset
640 2867 885 2946 uetustissimum,
910 2867 988 2944 qnod
1012 2867 1132 2945 quidem
1155 2869 1229 2928 inte-

46 2983 137 3043 grum
163 2972 292 3045 extaret,
320 2958 395 3044 3301
419 2961 548 3043 διαίτης
571 2963 783 3043 scriptiuncula
806 2982 912 3042 prosae
936 2966 1078 3024 orationis
1106 2984 1229 3044 graecae

49 3070 289 3122 monumentum.
343 3061 457 3122 obstitit
490 3061 739 3142 Teichmuellero‚
772 3070 806 3122 ut
835 3070 984 3143 parerat,
1015 3061 1109 3122 Zeller
1140 3057 1230 3144 (Hist.

47 3159 160 3239 philos,
184 3155 210 3217 14
234 3178 260 3238 p.
285 3156 350 3220 633
366 3159 453 3240 333),
478 3169 580 3220 contra
605 3178 693 3238 quem
718 3158 843 3219 alterum
860 3159 1032 3221 Studiorum
1056 3161 1229 3221 fasciculum

50 3252 168 3318 direxit
190 3257 382 3338 llorpatensis
412 3261 575 3320 sententiae
603 3259 818 3319 tenacissimus.
865 3258 901 3317 de
930 3277 988 3336 qna
1011 3276 1044 3318 re
1069 3257 1138 3336 quid
1164 3275 1229 3331 sen·
1256 3279 1260 3282 ’

47 3361 125 3418 tiam
150 3359 264 3418 nemini
287 3375 465 3436 quamquam
486 3359 546 3417 scio
567 3375 656 3417 corae
675 3343 819 3437 futurum,
843 3373 919 3416 noua
944 3357 1001 3440 nisi
1019 3357 1168 3434 proferam
1183 3375 1228 3416 ar-

45 3464 211 3536 gumenta,
235 3454 351 3518 abhoc
375 3453 440 3514 loco
464 3455 540 3533 quod
566 3456 694 3516 alienum
718 3473 784 3515 esse
807 3452 910 3528 debet,
935 3472 1041 3514 moneo
1064 3463 1163 3515 tamen
1186 3457 1229 3515 in-

44 3572 119 3613 esse
144 3555 176 3612 in
201 3551 276 3613 libro
297 3551 333 3611 de
357 3550 457 3612 Diaeta
481 3554 576 3631 primo
592 3541 792 3632 Empedoclis
812 3553 911 3612 inesse
926 3551 1114 3630 Anaxagorae
1137 3555 1228 3613 uestiss
1329 3594 1333 3598 -
1373 3589 1380 3596 ·

40 3655 105 3732 gia,
122 3647 386 3730 aGPWeygoldtio
402 3658 564 3710 monstrata
579 3643 623 3733 (in
634 3650 817 3711 Fleckeiseui
832 3648 927 3710 annal.
939 3645 1024 3710 1882
1032 3669 1060 3728 p.
1071 3645 1229 3734 171333).

39 3752 84 3810 de
111 3749 258 3810 Archelao
282 3767 342 3808 non
366 3749 514 3826 persuasit
538 3748 609 3808 mihi
632 3746 847 3828 Weygoldtius‚
872 3744 971 3822 nullus
995 3755 1029 3808 ut
1052 3746 1230 3811 dubitationi

42 3849 140 3909 locus
165 3847 289 3908 relictus
313 3849 365 3928 sit3
390 3849 476 3907 cuius
495 3846 794 3908 commentatiuncula
813 3863 872 3904 303
892 3846 932 3904 ita
951 3863 1076 3924 prorsus
1094 3845 1229 3906 absoluta
1314 3835 1319 3842 ’

129 4031 155 4098 1)
177 4025 311 4094 Consulto
326 4025 408 4082 omisi
421 4027 589 4081 Fordinandi
604 4028 740 4082 Lassallei
754 4026 870 4082 librum:
887 4025 944 4080 ‘die
958 4023 1134 4096 philosophie
1144 4025 1229 4081 Hera-

42 4109 163 4164 kleibos
179 4107 228 4161 des
242 4106 431 4161 dunklenvon
444 4105 593 4177 Ephesus'‚
609 4107 714 4162 editum
730 4122 801 4160 anno
818 4109 895 4172 1858,
910 4104 985 4158 haud
999 4104 1081 4158 inscii
1095 4105 1154 4161 eius
1169 4107 1229 4176 qui·

40 4192 119 4244 dem
140 4187 234 4243 libelli
253 4187 342 4242 nostri
359 4188 416 4242 iam
436 4189 501 4242 3310
519 4187 702 4256 Bernaysium
722 4187 767 4255 (cf.
782 4187 794 4240 I
809 4203 836 4254 p.
853 4191 883 4238 11
899 4185 946 4251 bB,
966 4202 993 4253 p.
1014 4189 1064 4238 163
1075 4186 1156 4254 333),
1180 4187 1229 4240 sed

35 4287 154 4368 parum
176 4264 311 4338 ἀκριβῶς,
330 4266 360 4319 id
379 4267 454 4336 quod
472 4265 650 4320 notissimum
670 4269 720 4334 est,
740 4265 833 4320 officio
851 4265 948 4320 functi.

121 4351 151 4418 2)
174 4346 341 4415 Heraclibea,
360 4347 498 4416 particula
516 4347 536 4399 1.
