2936 4902
248 407 354 496 φύσει·
377 405 461 477 αὐτὰ
491 409 569 499 (3311.
597 407 636 477 τὰ
667 405 830 500 ὀνόματα)
859 406 945 477 εἶναι
974 407 1161 492 ἀξιούντων
1190 413 1225 478 ol
1246 411 1308 498 μὲν
1332 409 1421 480 οὕτω
1463 387 1464 480 l

245 506 282 575 τὸ
314 505 412 593 φύσει
441 508 612 626 depondio,
641 503 686 586 ὡς
713 506 846 593 φύσεως
869 505 953 576 αὐτὰ
977 507 1126 595 οἰόμενοι
1150 505 1236 577 εἶναι
1261 513 1422 597 δημιουρ·

245 602 390 691 νήματα,
419 603 572 693 καθάπερ
595 603 692 692 ήξίου
717 605 891 692 Κρατύλος
913 607 968 673 καὶ
987 604 1228 696 Ἡράκλειτος),
1260 623 1328 694 post
1351 614 1421 675 Las-

246 709 368 770 selleum
401 713 584 790 ingeniosius
616 728 704 789 333111
738 711 854 770 cautius
888 719 1065 790 persecutus
1100 719 1145 772 est
1174 711 1319 772 Schuster
1349 707 1421 796 (act

246 827 305 870 soc.
315 807 469 870 Ritschel.
484 808 524 876 III
544 828 571 888 p.
587 801 813 890 318sqq.—)
839 807 962 870 dubium
985 818 1031 870 est
1055 805 1106 890 (31.
1130 809 1237 870 Zelleri
1259 809 1329 871 hist.
1348 811 1464 890 plril

244 898 322 984 l4p.
346 902 410 968 658
432 925 476 986 sq
499 900 580 967 1131
565 904 635 986 l.p
658 898 737 989 529)
770 924 825 966 nec
858 906 984 968 multum
1017 909 1122 968 attinet
1150 908 1185 969 ad
1213 910 1421 988 quaestionem
1463 883 1464 924 3

245 1013 390 1066 nostram:
414 1004 470 1065 hoc
494 1012 619 1086 33113131,
636 1005 706 1067 inde
730 1024 744 1065 a
770 1004 867 1065 medio
889 1005 1007 1065 saeculo
1027 1007 1141 1087 quinto,
1165 1025 1232 1068 cum
1253 1014 1420 1087 poetarum,

243 1101 365 1164 Homeri
394 1105 595 1187 potissimum,
624 1105 869 1182 interpretatione
898 1103 1064 1183 studiisque
1088 1105 1247 1166 rhetoricis
1271 1116 1301 1167 et
1324 1106 1420 1185 philo-

244 1201 374 1278 sophicis
409 1205 481 1263 artis
515 1204 722 1282 grammaticae
752 1201 942 1264 fundamenta
971 1199 1420 1283 31133133131(31.(1133331133

244 1299 280 1358 de
304 1302 513 1377 grammaticae
537 1319 659 1380 graecae
683 1301 854 1380 primordiis
877 1320 905 1380 p.
932 1296 973 1362 15
988 1296 1082 1384 333),
1110 1301 1146 1362 de
1173 1301 1291 1380 linguae
1314 1302 1420 1364 huma·

245 1415 299 1457 nae
333 1407 363 1459 31
393 1401 507 1477 origine
541 1408 571 1459 et
601 1399 699 1460 indole
732 1399 947 1478 disputationes
980 1399 1071 1460 luisse
1105 1399 1329 1462 illustrissimae.
1375 1405 1420 1462 eis

244 1496 337 1575 enim,
370 1488 474 1576 φύσιν
507 1498 660 1558 nominum
693 1499 875 1576 genetricem
908 1499 959 1576 3111
992 1497 1148 1581 putabant,
1181 1498 1421 1562 aduersabantur

242 1587 341 1654 θέσιν
374 1593 568 1656 defendentes
602 1597 665 1656 siue
697 1586 821 1674 νόμον,
855 1613 870 1653 3
906 1612 1033 1673 33313111
1061 1614 1187 1657 numero
1215 1596 1420 1660 Democritum

245 1691 337 1752 luisse
361 1693 455 1753 refert
478 1693 603 1754 Proclus
627 1687 676 1774 (33
701 1691 807 1770 Cratyl.
826 1687 891 1773 16),
915 1711 979 1752 3333
1004 1692 1253 1772 Hermogenem
1244 1715 1276 1756 111
1300 1695 1421 1777 Cretylo

244 1783 458 1873 uidemuslcl.
422 1808 556 1870 3331
582 1780 624 1852 οὐ
647 1781 795 1869 δύναμαι
817 1782 1045 1870 κεισθήυαι
1023 1812 1067 1864 ας
1090 1782 1174 1872 31113
1197 1812 1247 1866 τις
1271 1783 1421 1876 ὀρθότης
1463 1807 1464 1892 p

243 1877 407 1966 ονόματος
439 1877 460 1967 ή
494 1879 670 2002 ξμνθήκη
702 1880 757 1947 331
781 1877 1160 2004 (13313νί33138411,
1192 1883 1421 1970 νομοθέτου

242 1976 307 2065 ἄρα
344 1983 429 2071 ἔργω
465 1977 620 2066 χρήσεται
653 1975 670 2046 ὁ
705 1976 998 2065 διδασκαλικός,’
986 1977 1067 2047 όταν
1105 1977 1245 2068 ὀνόματι
1281 1987 1419 2070 χρήται;

244 2082 361 2146 ἔοικεν.
386 2080 450 2144 388
470 2078 517 2166 Ε).
548 2101 621 2162 31133
646 2086 809 2145 sententiae
834 2084 970 2144 diuersae
994 2085 1034 2144 ita
1057 2086 1223 2164 iunguntur
1247 2105 1261 2146 3
1285 2086 1421 2168 Platone,

243 2189 276 2241 ut
304 2182 333 2241 id
364 2181 484 2260 qrridem
515 2181 658 2242 concedat
646 2188 817 2262 111313133,
846 2181 925 2262 quod
948 2182 1111 2243 imitatione
1136 2184 1283 2244 contineri
1306 2186 1421 2248 iudicat

242 2281 395 2341 nominum
420 2271 587 2360 ὀρθότητα
612 2270 775 2362 (ὅνομα”
755 2299 820 2361 333
839 2270 986 2359 έστίν,’
965 2299 1008 2353 ως
1027 2277 1123 2359 ἔοικε,
1147 2279 1300 2364 μίμημα
1318 2303 1420 2398 φωνη

243 2373 383 2459 ἐκείνου,
407 2367 425 2439 ὃ
449 2384 605 2459 μιμεῖται,
628 2371 683 2438 331
708 2367 895 2458 ὀνομάζει
881 2397 899 2438 3
919 2371 1123 2458 μιμούμενος
1140 2375 1180 2462 τή
1200 2378 1310 2464 φωνή,
1335 2374 1420 2445 ὅταν

241 2472 379 2556 μιμήται
407 2497 434 2557 p.
457 2473 524 2538 423
534 2469 585 2559 Β)
618 2495 713 2556 neque
747 2493 820 2536 uero
854 2476 1101 2537 consuetudinem
1130 2495 1256 2557 prorsus
1280 2480 1464 2542 excludat

242 2565 443 2653 (ἄναγκαιόν
474 2591 540 2636 κου
572 2568 628 2635 καὶ
661 2567 867 2654 ξυνθήκην
899 2595 930 2635 τι
963 2568 1066 2635 3313
1051 2573 1144 2648 έθος
1167 2569 1420 2656 ξυμβαλλεσθαι

241 2663 323 2754 πρὸς
348 2667 494 2753 δήλωσιν
518 2656 567 2734 313
592 2664 830 2752 διανοούμενοι
854 2666 993 2752 λέγομεν
1020 2692 1049 2752 p.
1068 2668 1134 2733 435
1143 2668 1188 2754 B).
1236 2675 1419 2754 quibuscum

241 2773 267 2831 si
290 2773 443 2852 componis
468 2771 558 2833 uerba
583 2772 737 2849 scriptoris
756 2770 793 2830 de
813 2769 898 2832 Arte:
921 2761 960 2833 τὰ
982 2761 1155 2852 οὐνόματα
1174 2764 1295 2852 φύσιος
1314 2795 1419 2856 νομο·

240 2861 410 2949 θετήματα
425 2872 444 2930 i.
455 2889 494 2931 e:
509 2864 639 2928 ‘nomina
653 2877 774 2929 naturae
791 2863 939 2930 instituta’
954 2871 1138 2948 respicisque
1153 2871 1288 2931 instituta
1305 2877 1419 2952 opponi

240 2961 448 3045 ‘germinibus'
472 2971 502 3028 in
527 2969 669 3046 31331133
693 2975 836 3027 33333131
856 2960 939 3050 (τοῖς
957 2959 1193 3051 βλαστήμασι),
1217 2971 1419 3033 313111131333

241 3073 329 3144 atque
357 3065 508 3126 Platonem
538 3064 664 3125 mediam
692 3067 770 3125 niam
799 3066 878 3125 inter
905 3065 1055 3127 doctrinas
1082 3066 1217 3127 diuersas
1246 3070 1419 3148 ingressum

241 3183 307 3224 esse
332 3164 494 3242 sophistam
517 3162 667 3242 intelligis.

329 3259 458 3322 Nouitne
482 3277 554 3320 uero
578 3255 751 3320 Platonem?
788 3260 863 3321 11333
888 3249 1071 3323 conueniunt
1094 3262 1185 3324 uerba
1210 3266 1288 3328 eins:
1321 3257 1420 3380 pipat

241 3349 271 3419 d’
299 3357 402 3438 ἔγωγε
424 3350 536 3419 nol
502 3378 542 3418 τα
567 3348 738 3439 οὐνόματα
762 3349 863 3432 αὐτὰς
887 3353 963 3441 (3311
991 3351 1050 3433 τδις
1071 3353 1202 3444 τέχνας)
1227 3354 1341 3423 διὰ
1305 3384 1346 3426 τα
1372 3367 1421 3426 εἰ

241 3437 299 3516 δια
323 3456 437 3536 λαβειν
461 3474 529 3517 cum
553 3457 685 3518 Socratis
708 3454 848 3538 Cratylei,
881 3455 939 3538 τής
962 3449 1079 3532 ουσίας
1101 3452 1236 3540 μιμήσει
1259 3435 1464 3541 progenita

241 3573 306 3616 esse
335 3556 453 3615 nomina
482 3556 630 3617 docentis
663 3557 735 3635 quin
762 3557 853 3616 immo
881 3575 956 3617 uoce
984 3554 1074 3618 eldaa
1097 3558 1132 3618 ad
1157 3557 1319 3716 Platpnem
1332 3561 1420 3622 uide·
1463 3607 1464 3650 p

241 3671 308 3713 mur
332 3652 467 3735 relegari,
489 3653 519 3713 id
544 3654 623 3733 quod
646 3656 763 3717 11133311
786 3654 881 3715 Zeller
903 3648 958 3737 (113
1041 3705 1046 3718 .
1133 3704 1141 3738 ,

194 3749 197 3756 ’
241 3750 342 3829 gesch.
365 3751 419 3812 der
442 3750 721 3831 sprachwissensch.
744 3774 773 3835 p.
797 3750 840 3814 90
854 3746 928 3835 ΝΒ).

330 3839 432 3924 Εἶδος
464 3858 494 3911 31
526 3844 598 3930 ἰδέη
631 3870 722 3914 33333
755 3854 928 3932 frequenter
959 3862 1142 3932 usurpantur
1174 3855 1205 3914 in
1239 3853 1421 3929 collectione

240 3945 446 4026 Hippocratae.
479 3956 602 4010 naturae
626 3953 778 4012 notionem
801 3949 938 4011 sensibus
963 3950 1113 4012 subiectae
1138 3945 1222 4032 ἰδέη
1242 3951 1421 4014 1131131333-

240 4047 317 4127 pius,
340 4047 418 4105 sicut
441 4045 519 4125 apud
542 4055 694 4118 auctorem
712 4042 788 4140 3331
806 4040 1139 4130 φήσιοςᾶνθραίπουε
1163 4039 1292 4122 3111333
1309 4048 1422 4129 ἔγωγε

239 4136 299 4205 τὸν
323 4135 496 4223 φάσκοντα
520 4131 601 4226 αἷμα
624 4135 730 4208 εἶναι
735 4143 865 4224 μοῦνον
888 4138 948 4208 τὸν
972 4138 1156 4229 ἄνθρωπον
1176 4139 1232 4208 κ31
1251 4139 1333 4209 ἄλλο
1352 4168 1422 4264 μη-

240 4233 299 4301 δὲν
329 4234 502 4302 δεικνύναι
531 4234 635 4304 αυτὸν
657 4235 702 4323 μή
727 4236 974 4324 μεταλλάσοντα
997 4237 1058 4326 τήν
1083 4240 1194 4326 ἰδέην
1217 4237 1302 4325 μηδὲ
1324 4243 1424 4325 γίνε-

240 4341 321 4398 σθαι
345 4346 507 4400 παντοιον
531 4333 581 4421 (VI
600 4358 628 4418 p.
648 4335 714 4420 36),
738 4341 848 4403 diserte
872 4361 947 4420 quae
971 4343 1159 4405 illustrantur
1181 4361 1209 4422 p.
1229 4338 1285 4403 34:
1311 4339 1422 4406 τοῦτο
