2994 4898
242 1001 377 1099 Paucos
401 1041 492 1100 luisse
516 1041 595 1099 inter
619 1038 810 1097 Germanicos
838 1037 927 1097 huius
952 1039 1061 1098 saeculi
1085 1040 1264 1119 philologos,
1293 1042 1323 1099 in

155 1136 298 1196 librorum
322 1137 541 1198 medicinalium
566 1135 772 1196 collectionem
795 1133 985 1214 Hippocratis
1015 1139 1132 1198 nomine
1157 1141 1326 1218 insignitam
1416 1193 1420 1198 .

95 1222 99 1225 ’
155 1237 204 1312 qui
233 1235 299 1294 data
327 1254 417 1314 opera
444 1237 646 1314 inquirerent,
675 1234 794 1294 minime
824 1237 924 1294 miror.
971 1254 1006 1294 ex
1031 1255 1090 1314 quo
1119 1239 1197 1296 enim
1225 1235 1327 1296 Wollli

154 1332 315 1392 llermanni
339 1333 483 1394 Boeclrhii·
507 1331 649 1411 exemplis
677 1331 857 1392 uenerandis
885 1350 963 1393 noua
991 1337 1105 1394 ratione
1134 1337 1325 1413 antiquorum

155 1440 322 1510 temporum
350 1432 520 1510 genius-
544 1438 578 1490 ut
605 1428 711 1508 Heynii
739 1429 833 1488 uerho
862 1437 929 1490 utar
956 1464 993 1472 -
1024 1433 1054 1491 in
1079 1426 1174 1492 'uitam
1202 1440 1325 1512 coeptus

154 1538 200 1590 est
223 1533 368 1610 reuocari,
392 1537 490 1590 tantae
514 1528 715 1608 amplitudinis
738 1526 858 1606 patebat
881 1536 961 1588 terra
985 1529 1213 1608 peruestiganda
1237 1538 1324 1608 atque

154 1627 322 1711 excolenda,
346 1637 486 1707 quantam
510 1627 676 1688 sollertium
696 1625 870 1686 colonorum
895 1625 1052 1727 domiciliis
1071 1629 1229 1706 conspergi
1252 1646 1324 1687 non·

153 1726 223 1786 dum
246 1728 379 1804 potuisse
403 1725 514 1804 ubique
534 1727 723 1786 manifestum
745 1732 797 1784 cst.
836 1731 924 1802 atque
943 1725 1094 1803 principes
1114 1723 1233 1802 quidem
1253 1727 1324 1785 artis

153 1832 271 1884 nostrae
291 1825 438 1883 antistites
458 1841 597 1896 amoenos
616 1831 772 1902 poetarum
796 1821 880 1882 lucos
899 1839 1096 1901 recessusque
1120 1823 1222 1884 dulces
1241 1843 1324 1903 prae·

153 1923 239 1999 cipuo
260 1921 387 1981 coluisse
412 1938 522 2002 amore,
545 1919 653 1980 laboris
673 1920 803 1981 taedium
827 1919 879 1979 uhi
903 1919 1042 1980 tollerent
1065 1922 1242 1982 suauissima
1266 1922 1324 1983 loci

152 2026 323 2098 uenustate,
348 2019 415 2097 quis
444 2036 503 2078 non
531 2014 725 2097 probauerit?
763 2018 895 2079 sciebant
925 2017 1063 2079 uidelicet
1090 2027 1228 2080 aeternos
1255 2019 1324 2102 illic,

152 2135 227 2195 quos
255 2115 404 2195 negligere
436 2115 517 2176 nelas
546 2123 638 2197 esset,
667 2119 812 2176 scaturire
841 2115 951 2192 fontes,
980 2115 1147 2178 sentiebant
1175 2136 1279 2178 eorum
1308 2139 1324 2178 a
1382 2121 1384 2125 ’

151 2215 243 2274 Musis
267 2215 339 2292 ipsis
363 2214 419 2274 sihi
443 2211 647 2273 demandatam
671 2231 736 2274 esse
766 2215 939 2275 custodiam.
977 2233 1074 2294 neque
1099 2233 1132 2275 ea
1161 2234 1219 2294 qua
1243 2216 1323 2296 digni

151 2321 221 2374 suut
258 2313 344 2374 laude
381 2312 608 2391 defraudantur,
649 2313 680 2370 in
713 2321 866 2373 oratorum
904 2311 1174 2392 historicorumque
1212 2317 1323 2393 campis

151 2413 319 2474 uirentibus
353 2414 403 2490 qui
435 2411 520 2470 sedes
552 2419 718 2489 posuerunt
734 2419 799 2472 aut
831 2413 1090 2490 grammaticorum
1124 2415 1176 2491 qui
1204 2413 1323 2474 dumeta

152 2519 350 2590 perrumpunt
374 2527 471 2589 neque
495 2509 547 2587 qui
565 2507 680 2568 excelsa
699 2507 902 2588 philosophiae
926 2510 1090 2570 ascendunt
1109 2510 1237 2571 culmina
1257 2530 1322 2590 spe-

152 2627 244 2670 cusue
273 2610 410 2669 sinuosos
438 2614 674 2686 perscrutantur.
720 2603 818 2667 minor
850 2625 954 2667 eorum
987 2625 1144 2690 numerus,
1176 2611 1228 2688 qui
1258 2608 1321 2669 loca

152 2706 274 2768 colenda
299 2705 355 2766 sibi
378 2713 572 2784 sumpserunt
596 2705 704 2765 ceteris
728 2705 869 2766 scientiae
893 2705 1039 2765 humanae
1063 2705 1227 2784 disciplinis
1252 2725 1320 2766 con-

150 2807 228 2865 finia.
252 2823 307 2864 nec
332 2802 659 2886 tamen-theologorum
679 2804 752 2863 ordo
777 2801 956 2863 uenerabilis
981 2821 1077 2881 neque
1096 2802 1232 2864 lCtorum
1257 2804 1321 2866 illu-

151 2905 222 2964 stris
241 2901 359 2982 hahent,
379 2918 433 2961 cur
452 2898 580 2960 debitam
596 2918 716 2979 operam
735 2899 908 2980 denegatam
927 2919 992 2961 esse
1008 2899 1064 2961 sihi
1084 2900 1170 2961 nobis
1184 2901 1321 2982 obiciant,

150 3021 206 3063 neo
230 3000 504 3061 mathematicorum
529 2999 568 3077 ei,
596 3000 648 3076 qui
672 2999 790 3076 quidem
819 3018 913 3078 usque
937 2999 973 3059 ad
994 2985 1162 3059 ¹terminum
1185 3007 1322 3061 nostrum

151 3099 388 3179 progrediantur,
414 3091 554 3156 derelicta
577 3095 731 3158 inueniant
755 3116 826 3158 arua
849 3097 1002 3177 lappisque
1027 3097 1200 3176 tribulisque
1225 3085 1321 3162 delor-

150 3201 217 3279 mia,
241 3197 293 3258 sed
317 3204 466 3257 aratorum
495 3185 813 3256 strenuorum'lahore
838 3195 956 3254 assiduo
980 3191 1181 3274 uersa'atque
1200 3198 1321 3257 consita.

151 3296 258 3374 medici
283 3313 337 3356 suo
360 3295 426 3354 iure
451 3299 622 3372 querantur.
661 3292 702 3353 nil
726 3294 792 3353 dico
811 3293 847 3354 de
872 3291 991 3375 Galeno,
1015 3295 1101 3354 cuius
1125 3300 1207 3352 uasta
1232 3311 1321 3372 opera

151 3412 240 3473 quam
264 3392 396 3470 neglecta
421 3393 536 3451 iaceant
559 3393 746 3452 notissimum
772 3399 825 3466 est,
850 3390 901 3450 sed
926 3409 963 3451 ne
981 3389 1178 3470 Hippocratea
1201 3389 1319 3469 quidem

150 3494 261 3572 scripta
285 3493 356 3553 satis
379 3489 475 3550 adhuc
498 3499 616 3553 uersata
639 3491 871 3576 perquisitaqne.

156 3609 159 3614 ¹
239 3589 463 3649 Praeterierunt
482 3590 622 3650 nimirum
641 3599 774 3669 tempora
794 3586 1005 3648 Cornariorum
1014 3581 1037 3670 ¹)
1058 3587 1232 3648 Fcisiorurn
1253 3587 1319 3648 Hal-
1400 3664 1402 3668 .

149 3689 295 3767 lerorum,
319 3685 427 3764 quihus
452 3705 485 3746 ea
509 3694 573 3747 erat
595 3687 761 3748 litterarum
785 3686 934 3768 condicio,
958 3687 1002 3746 uti
1025 3685 1122 3746 studia
1144 3678 1319 3766 philologiea

149 3794 180 3846 et
203 3784 386 3845 medicinalia
405 3783 621 3864 polyhistorum
640 3787 766 3863 ingeniis
785 3784 863 3845 haud
882 3802 949 3845 raro
969 3787 1230 3864 coniungerentur.
1262 3789 1319 3847 iam

222 3950 249 4018 1)
268 3945 308 4001 ef.
329 3945 352 4000 ai
371 3945 450 4000 lubet
467 3945 625 4001 Inecheri
642 3946 767 4015 lexicon,
788 3947 822 4001 de
846 3947 913 4002 Iano
934 3946 1066 4002 Cornario
1090 3947 1139 4002 ubi
1162 3948 1320 4004 referuntur

146 4031 218 4084 haec
238 4027 261 4098 (Ι
280 4046 306 4096 p.
326 4027 421 4094 2101):
456 4025 543 4080 ‘Weil
565 4043 595 4080 er
618 4027 663 4082 die
686 4027 849 4082 arabisehen
867 4027 924 4082 und
943 4027 1141 4082 barbarisehen
1159 4026 1272 4084 Aerlzte
1291 4030 1319 4084 in

147 4107 343 4163 Deulachland
362 4105 566 4174 abruschaffen,
585 4106 630 4161 die
649 4107 843 4178 griechischen
862 4109 929 4162 aber
948 4107 1198 4178 emporzuhringen
1212 4109 1319 4176 auchie,

147 4206 179 4243 so
208 4187 364 4242 iibersetzle
392 4203 422 4241 er
450 4186 639 4257 dieserwegen
663 4187 707 4242 die
730 4191 905 4258 gesammten
922 4186 1043 4242 Werclre
1062 4187 1110 4242 des
1129 4187 1318 4257 Hippocratis,

147 4266 328 4336 Dioscoridis,
348 4267 432 4335 Aelii,
451 4265 598 4338 Aeginelil,
616 4268 690 4323 viele
709 4270 817 4323 Biicher
835 4268 884 4323 des
903 4267 1010 4335 Galeni,
1030 4263 1140 4336 Synesii
1159 4284 1252 4338 opera,
1272 4268 1317 4322 die

147 4346 323 4417 Geoponica,
343 4346 555 4403 Constantinum
576 4348 723 4422 Caesarem
747 4348 781 4403 de
800 4346 982 4419 agricultura,
1000 4349 1126 4402 Macrum
1145 4348 1180 4402 de
1199 4346 1318 4402 Materia

147 4427 279 4483 Medica'.
337 4425 338 4430 ’
951 4454 954 4459 ,
