2994 4898
561 294 778 359 ..15..

84 452 247 538 μέλλοντα
271 446 384 536 ὀρθῶς
407 447 631 544 θεραπεύσειν
649 451 728 530 τοὺς
751 449 955 540 ἀνθρώπους
973 479 1001 538 p.
1017 457 1105 545 620).
1130 480 1256 540 quorum

83 555 268 616 medicorum
305 554 565 633 sophistarumque
604 556 639 616 ad
673 556 887 636 philosophiam
922 558 1044 619 tendere
1084 563 1257 642 orationem,

83 651 273 734 Empedoclis
296 653 375 711 uiam
400 655 605 732 rationemque
629 657 818 733 sequentium
842 658 907 716 siue
931 655 1072 738 aliorum,
1095 659 1131 718 de
1155 677 1257 719 rerum

86 761 191 812 natura
217 754 268 832 qui
292 753 477 834 scripserim,
497 769 513 810 c
532 755 678 831 principio
703 753 773 832 quid
793 757 832 814 sit
851 755 938 814 bomo
958 763 988 816 et
1008 755 1155 834 quomodo
1175 764 1259 819 ortus

84 853 124 910 sit
146 855 275 930 primum
303 861 334 914 et
357 855 505 931 quomodo
534 851 677 912 coaluerit
701 851 882 930 explicantes
906 845 1020 932 (τείνει
1044 846 1081 914 db
1105 844 1217 913 αὐτῶν
1241 840 1259 910 ὁ

84 942 185 1028 λόγος
213 947 246 1023 ἐς
273 949 496 1032 φιλοσοφίην,
525 942 678 1029 καθάπερ
706 940 929 1029 Ἐμπεδοκλῆς
956 939 976 1029 ή
1006 942 1101 1011 ἄλλοι
1126 949 1161 1011 οἳ
1185 943 1260 1031 περὶ

83 1042 206 1128 φύσιος
232 1041 441 1131 γεγράφασιν
469 1043 506 1122 ἐξ
537 1039 663 1128 ἀρχῆς
695 1037 714 1107 ‹‘›'
746 1066 782 1106 τι
816 1039 924 1108 ἐστὶν
957 1039 1173 1130 ἄνθρωπος
1205 1040 1260 1108 καλ

84 1136 173 1218 ὅπως
201 1141 330 1224 ἐγένετο
347 1144 493 1226 *πρῶτον
519 1139 574 1206 καὶ
603 1136 691 1217 ὅπως
719 1136 885 1224 ξυνεπάγη
910 1163 938 1222 p.
962 1138 1050 1227 620).
1089 1163 1153 1206 sese
1183 1147 1260 1205 triam

83 1242 213 1322 probare
242 1244 329 1324 plane
357 1235 544 1306 contrariam.
574 1243 609 1303 de
637 1242 765 1303 bominis
794 1243 874 1302 enim
902 1251 1007 1303 natura
1037 1246 1157 1304 omnino
1188 1241 1262 1304 nihil

85 1359 174 1420 posse
199 1345 355 1424 cognosci,
378 1346 436 1404 nisi
460 1362 495 1405 ex
519 1350 582 1402 arte
607 1341 736 1421 medica,
760 1342 785 1400 si
805 1339 925 1419 quidem
948 1350 1030 1402 recte
1050 1343 1117 1420 quis
1142 1359 1260 1402 omnem

85 1438 301 1519 complectatur
325 1434 462 1520 (νομίζω
487 1433 524 1502 δὲ
546 1433 622 1522 περὶ
646 1431 768 1518 φύσιος
790 1435 922 1517 γνῶναί
942 1458 973 1498 τι
993 1432 1097 1519 σαφὲς
1118 1430 1263 1518 οὐδαμό-

84 1539 149 1598 θεν
173 1529 320 1599 ἄλλοθεν
340 1529 426 1600 εἶναι
445 1528 466 1618 ἢ
486 1533 519 1612 ἐξ
543 1534 700 1617 ἰητρικῆς.
724 1533 822 1597 τοῦτο
843 1529 880 1597 δὲ
900 1523 974 1598 οἷόν
993 1556 1027 1597 τε
1045 1539 1263 1616 καταμαθεῖν,

85 1625 168 1696 ὅταν
188 1627 293 1716 αὐτήν
311 1656 360 1710 τις
380 1629 440 1717 τὴν
457 1626 607 1715 ἰητρικὴν
624 1625 738 1715 ὀρθῶς
755 1630 867 1692 πάσαν
886 1626 1047 1715 περιλάβῃ
1067 1654 1095 1713 p.
1111 1631 1176 1695 620
1195 1627 1263 1714 sq).

86 1751 162 1810 quae
187 1751 253 1794 cum
278 1736 317 1793 ita
341 1736 414 1816 sint,
449 1734 485 1794 ab
509 1734 563 1794 hac
585 1733 735 1810 proficisci
759 1748 881 1790 necesse
906 1749 985 1812 esse,
1009 1731 1080 1810 quid
1105 1734 1144 1792 sit
1165 1732 1264 1811 bomo,

87 1829 197 1908 quibus
221 1834 318 1892 causis
342 1835 489 1913 gignatur,
513 1831 628 1909 reliqua
652 1837 789 1890 accurate
814 1830 866 1907 qui
889 1831 966 1889 scire
987 1831 1085 1909 cupiat
1105 1824 1204 1909 (λέγω
1225 1822 1262 1890 δὲ

85 1921 148 2006 τήν
173 1924 324 2010 ἱστορίην
350 1923 494 2009 ταύτην,
525 1922 649 1990 εἰδέναι
678 1919 859 2008 ἀνθρωπος
886 1925 920 1986 τί
946 1922 1014 1988 ἐστι
1042 1921 1096 1988 καλ
1121 1918 1162 1988 δι’
1194 1925 1265 2001 οίας

87 2022 196 2099 αἰτίας
219 2025 345 2106 γίνεται
363 2021 419 2088 καλ
437 2012 541 2087 τάλλα
560 2016 722 2107 ἀκριβέως
740 2045 768 2104 p.
784 2017 877 2105 622);
900 2025 1049 2086 medicum
1068 2044 1264 2106 unumquem-

85 2143 145 2203 que
170 2129 337 2187 necessario
361 2125 397 2187 de
421 2133 527 2186 natura
551 2125 623 2184 hacc
647 2126 724 2184 scire
748 2122 868 2204 debere,
891 2124 1039 2202 quomodo
1064 2124 1146 2206 cibis,
1170 2129 1265 2206 potio-

89 2221 189 2304 nibus,
213 2223 278 2284 aiiis
301 2223 392 2285 robus
416 2233 446 2284 et
470 2241 579 2303 corpus
602 2222 765 2283 humanum
788 2223 818 2280 in
844 2222 1018 2282 uniuersum
1044 2231 1074 2283 et
1091 2241 1147 2302 pro
1165 2224 1264 2285 indole

88 2339 332 2402 unumquemque
357 2324 494 2383 affectum
518 2323 555 2382 iri
579 2322 798 2381 consectarium
822 2321 861 2379 sit
886 2313 969 2401 (ἐπεὶ
992 2319 1048 2381 τοί
1066 2315 1107 2399 γε’
1128 2342 1183 2402 μοι
1209 2321 1262 2384 do·

87 2411 155 2479 κίει
188 2409 373 2499 ἀναγκαῖον
406 2411 493 2481 εἶναι
526 2411 625 2479 παντλ
660 2415 762 2504 ἰητρῷ
795 2411 870 2498 περὶ
899 2411 1021 2498 φύσιος
1053 2414 1178 2482 εἰδέναι
1210 2415 1266 2482 καλ
1318 2471 1319 2478 ,

86 2507 179 2576 πάνυ
212 2511 401 2592 σπουδάσαι
435 2508 479 2590 ἀς
511 2518 649 2593 εἰσεται,
687 2517 777 2597 εἰπερ
810 2535 842 2576 τι
875 2510 985 2596 μέλλει
1017 2513 1084 2578 τῶν
1118 2512 1266 2581 δεόντων

86 2605 253 2693 ποιήσειν,
272 2605 291 2674 ὅ
310 2633 341 2675 τι
361 2608 450 2676 ἐστὶν
465 2606 647 2694 ἅνθρωπος
665 2605 749 2695 πρὸς
767 2605 807 2674 cd
828 2607 1008 2694 ἐσθιόμενα
1028 2609 1083 2676 καὶ
1103 2609 1267 2697 πινόμενα

85 2705 143 2772 καὶ
171 2702 190 2772 ὅ
214 2731 245 2772 τι
268 2704 351 2793 πρὸς
378 2704 418 2772 τά
449 2703 534 2773 ἀλλα
562 2704 818 2791 ἐπιτηδεύματα,
849 2705 904 2771 καλ
933 2703 952 2772 ὅ
980 2731 1011 2772 τι
1040 2703 1095 2792 ἀφ’
1126 2707 1268 2777 ἑκάστου

86 2801 217 2895 ἑκάστφ
241 2803 441 2891 ξυμβήσεται
464 2828 492 2888 p.
517 2806 605 2890 622).

182 2908 267 2979 Quod
292 2910 317 2968 si
341 2911 526 2990 quaerimus,
555 2910 606 2986 qui
630 2909 742 2968 inerint
765 2907 873 2968 medici
901 2906 943 2966 iiii
967 2914 997 2966 et
1020 2907 1169 2986 sophistae
1199 2918 1266 2971 anto

88 3007 187 3065 omnia
212 3007 402 3068 statuendum
423 3026 489 3068 esse
509 3013 666 3067 censentes
686 2997 704 3065 ὅ
724 3026 759 3066 τι
780 2999 887 3066 ἐστίν
906 2995 1132 3087 ἅνθρωπος,
1152 3016 1181 3069 et
1201 3007 1268 3068 Em·

87 3102 243 3183 peduclem
268 3104 304 3165 ab
329 3115 450 3167 auctore
470 3108 535 3184 ipso
556 3106 738 3172 nominatum
759 3103 896 3164 uidemus
916 3112 945 3163 et
964 3103 1105 3182 ampliora
1125 3105 1267 3167 docemur

87 3205 120 3262 in
153 3201 229 3262 libro
254 3205 291 3264 de
314 3205 435 3264 Ναίκνα
458 3206 587 3265 bominis
610 3203 788 3281 conscripto.
844 3219 970 3280 namque
1002 3210 1064 3262 toto
1094 3204 1152 3265 hoc
1182 3204 1268 3286 libro,

88 3300 188 3378 quoad
213 3301 332 3380 quidem
357 3303 436 3362 iusto
461 3319 577 3362 conexu
601 3300 756 3380 procedat,
783 3318 851 3360 cum
874 3300 903 3360 id
929 3309 1045 3381 agatur,
1070 3310 1103 3362 ut
1127 3311 1268 3382 quattuor

88 3399 268 3460 irrrmoribus
292 3417 402 3479 corpus
426 3399 588 3461 humanum
612 3401 755 3460 constitui
783 3397 1005 3459 demonstretur
1029 3406 1059 3459 et
1082 3403 1215 3462 sanitatis
1239 3411 1267 3463 et

90 3497 265 3558 morborum
289 3499 401 3580 causis,
425 3501 568 3578 sanguino
593 3498 706 3558 scilicet
729 3499 835 3576 pituita
858 3495 916 3557 biie
937 3496 1008 3556 ssava
1028 3505 1057 3556 et
1076 3506 1139 3558 atra
1159 3491 1211 3582 (τὸ
1233 3492 1270 3560 δὲ

89 3591 188 3674 σῶμα
210 3593 270 3656 τοῦ
286 3585 471 3675 ἀνθρώπου
491 3595 555 3676 ἔχει
578 3592 614 3657 ἐν
634 3589 745 3680 ἑωυτῷ
770 3581 851 3674 αἷμα
869 3587 925 3655 καὶ
944 3588 1074 3675 φλέγμα
1092 3588 1147 3656 καλ
1166 3588 1270 3676 χολήν

90 3685 225 3772 ξανθήν
253 3713 286 3753 τε
312 3686 368 3753 καλ
396 3687 572 3773 μέλαιναν,
600 3687 656 3754 καλ
682 3683 771 3753 ταῦτ’
803 3689 893 3753 ἐστιν
922 3683 1011 3778 αὐτῷ
1036 3683 1056 3773 ή
1081 3686 1181 3773 φύσις
1210 3693 1270 3756 τοῦ

91 3785 245 3871 σοίματος
271 3785 327 3851 καλ
351 3783 407 3852 διὰ
430 3789 533 3854 ταῦτα
556 3783 667 3871 ἀλγέει
690 3785 745 3851 καλ
769 3782 912 3869 ὑγιαίνει
932 3789 969 3849 Vl
992 3809 1018 3870 p.
1039 3787 1081 3851 38
1106 3810 1148 3870 sq.
1173 3792 1204 3874 L,
1234 3794 1271 3856 ci.

91 3909 121 3969 p.
146 3887 190 3950 40
213 3880 308 3951 εἶπον
333 3881 390 3969 δή,
419 3881 439 3950 ἀ
464 3880 510 3951 ἀν
534 3884 644 3970 φήσω
674 3880 743 3950 τὸν
767 3881 986 3968 ἀνθρωπον
1014 3878 1115 3968 εἶναι,
1139 3880 1269 3970 ἀποφα-

90 3993 166 4047 νεῖν
197 3980 262 4048 αίελ
294 3976 398 4048 ταύτὰ
428 3979 526 4048 ἐόντα
550 4036 556 4048 .
576 4033 609 4048 ..
638 3981 737 4068 φημλ
772 3979 818 4067 δὴ
843 3977 949 4060 εἶναι
976 3972 1056 4066 αἷμα
1079 3985 1178 4069 κτλ),
1207 3998 1271 4050 tum

92 4087 179 4144 initio
204 4084 340 4146 diuersae
365 4084 401 4145 de
424 4084 480 4146 bac
503 4105 536 4146 re
560 4094 757 4147 recensentur
781 4087 954 4146 sententiae.

185 4181 280 4261 Atque
305 4184 401 4260 primo
421 4183 542 4262 quidem
562 4186 656 4264 capite
676 4186 706 4243 in
727 4183 928 4264 sophistarum
948 4185 1032 4264 quasi
1050 4183 1270 4247 introducimur

93 4289 277 4341 conuentum
302 4280 339 4340 de
363 4280 466 4341 mundi
485 4284 619 4343 uniuersi
637 4284 785 4361 principio
804 4282 907 4343 uerbis
927 4284 1173 4343 concertantium.
1199 4302 1270 4363 quo·
1320 4269 1327 4411 ή

91 4397 161 4440 rum
190 4380 221 4438 in
249 4378 515 4461 disputationibus,
548 4380 596 4439 aiii
629 4397 805 4458 quamquam
836 4400 871 4441 cx
903 4399 970 4441 aere
1002 4382 1099 4440 omnia
1133 4391 1270 4442 constare
